2700 4800
74 100 137 152 nvi
599 90 758 176 Praefatio.

77 271 167 331 tione,
199 279 271 332 quae
296 267 398 317 tannem
416 262 483 328 jnm
507 261 609 326 utique
630 263 764 321 eanrenit‚·
799 262 941 313 secundae
963 263 1129 329 stupratoris
1148 272 1298 325 personae
1344 282 1348 311 :

13 382 17 391 ·
74 352 272 417 praesentium
290 350 317 401 el
332 349 489 415 praeteriti
512 345 692 410 conjunctivi
716 358 880 415 consonans
898 359 913 395 s
931 348 1094 411 antiquitus
1122 345 1301 399 concedetu-

13 426 19 447 ''
77 437 137 501 tur,
155 449 228 501 quae
247 436 341 485 tamen
359 434 390 483 in
406 432 559 496 praesente
576 430 731 481 indicativi
748 432 779 481 in
796 437 824 480 st
842 430 930 496 atili,
948 433 977 481 et
993 432 1024 480 iu
1039 433 1191 496 praesente
1207 445 1301 495 prae·
1345 458 1348 479 t

78 521 219 584 tertioque
236 516 416 582 conjunctivi
432 528 553 581 prorsus
572 514 707 565 aboleuit.
741 502 877 564 Secunda
895 516 1058 579 singularis
1075 517 1234 581 praeteriti
1252 518 1302 566 tu-

77 605 202 654 dicatioi
220 613 349 666 persona
364 601 466 651 tabuit
484 602 644 664 antiquitus
659 602 741 649 ino
707 596 1042 677 CQQffl-‘mffl'ss
1052 604 1260 665 consonantem
1263 606 1348 691 t,¹

79 700 152 753 perae
177 688 324 737 tamenin
348 685 518 750 queitusdam
543 684 739 734 tantummodo
761 683 859 733 certis
888 684 1090 735 auxiliaribus
1120 662 1324 748 praeterito·

78 770 281 834 prnesentibus
302 772 423 821 seruata
447 771 505 833 est,
535 771 566 818 tn
592 770 697 819 ceteris
721 766 851 817 ominibus
870 769 924 817 aut
947 769 1057 819 vocalis
1077 768 1092 817 ii
1111 770 1164 818 aut
1178 768 1305 833 corsjun-
1346 808 1348 819 .

80 856 166 905 oturn
184 860 212 903 st
229 853 291 918 ejus
308 855 399 904 locum
419 855 502 904 tenet.
540 853 687 903 Secundae
707 854 838 915 pluralis
863 865 1006 915 personae
1031 854 1175 917 quondam
1195 866 1306 903 conso-

79 952 153 989 nans
178 939 196 986 ii
216 937 357 1002 dabatur,
390 951 463 1002 quae
480 950 554 988 nunc
579 938 672 987 tamen
691 938 720 986 in
741 940 889 1001 praesenti
906 938 1063 988 indicativi
1080 939 1192 988 tonitam
1208 938 1305 991 estat.

83 1004 361 1087 Terffiersonne
379 1023 542 1088 stnputnris
559 1022 722 1084 preaesentis
734 1021 891 1071 indicativi
905 1022 1074 1073 conceditur
1092 1022 1306 1088 consonarent,

82 1108 235 1172 eademque
253 1107 414 1170 antiquitus
430 1105 560 1168 sortasse
584 1094 690 1155 tertiae
707 1117 849 1169 personae
870 1106 1031 1169 sinpularie
1047 1108 1206 1169 praeteriti
1223 1106 1307 1157 indt-

83 1193 175 1242 catiui
193 1189 416 1254 concedebatur,
437 1191 550 1240 ceterae
567 1201 708 1263 personae
728 1190 833 1240 tertiae
856 1191 888 1238 in
905 1187 922 1237 i
940 1192 1028 1254 (sina.
1043 1202 1143 1254 praes.
1161 1188 1254 1253 conj.)
1271 1192 1306 1241 iu

83 1276 198 1340 i.(sinp
216 1288 314 1340 praes.
332 1272 434 1338 coni),
455 1275 485 1323 in
503 1262 555 1323 aad
575 1274 666 1337 (plur.
681 1276 787 1337 prdie?
798 1273 887 1338 ind),
906 1275 937 1322 tu
955 1286 991 1323 un
1011 1275 1102 1337 (plur.
1118 1272 1307 1336 proeliari.)

84 1362 112 1410 et
129 1362 160 1408 ia
180 1371 215 1409 ou
234 1360 327 1423 (pieer
344 1370 440 1421 praes.
457 1359 553 1420 praet.
572 1356 664 1422 conj.)
689 1358 832 1407 coierunt.
883 1356 969 1407 Nunc
991 1360 1022 1407 in
1049 1358 1178 1408 dialecto
1196 1354 1309 1422 Anplo·

85 1445 228 1495 sanonica
243 1444 348 1494 tertiae
364 1454 508 1506 personae
524 1442 656 1505 pluralis
672 1443 703 1490 in
721 1441 767 1503 ni,
786 1453 833 1497 ιιιι.
851 1440 885 1490 in
904 1444 969 1501 (so)
985 1441 1046 1492 et
1032 1455 1066 1491 eu
1086 1442 1144 1505 (in)
1163 1440 1309 1492 desinent.

151 1532 173 1585 3
191 1526 216 1579 8.
251 1526 470 1590 tiednplicatio,
488 1538 561 1590 quae
578 1526 740 1588 antiquitus
756 1525 929 1587 praeteritis
942 1529 1065 1578 oninium
1077 1524 1230 1577 veriorum
1247 1536 1306 1589 po-

86 1611 176 1662 tioris
195 1612 299 1661 enitent
316 1609 529 1675 conjupattonis
540 1609 618 1660 lraud
632 1608 714 1659 dubie
727 1621 865 1659 concessa
883 1612 958 1673 erat
975 1623 1051 1661 nunc
1063 1609 1130 1673 J'ani
1145 1608 1308 1672 inquibus-
1344 1648 1348 1683 1

87 1695 155 1746 dam
171 1694 365 1745 tantummodo
384 1694 481 1744 vertis
497 1694 641 1759 superest,
658 1694 710 1744 sed
727 1695 758 1743 in
777 1694 824 1743 tis
841 1704 953 1757 quoque
972 1694 1123 1745 immutata
1141 1693 1201 1753 est,·
1222 1705 1247 1745 e.
1258 1704 1307 1758 pr.
1343 1740 1348 1767 1

71 1775 162 1839 Jeolc
178 1791 235 1841 pro
253 1775 356 1839 leolis,
375 1778 438 1828 hihi
452 1790 508 1843 pro
526 1776 618 1830 hinnit.

154 1862 218 1919 39.
255 1861 354 1925 Lonpe
372 1864 467 1913 tamen
484 1860 609 1925 majoris
627 1862 761 1911 momenti
780 1871 829 1911 res
853 1863 905 1923 est,
932 1863 1011 1926 quod
1032 1863 1062 1912 in
1082 1860 1211 1911 onenitus
1232 1858 1308 1912 ser-

87 1946 213 1994 manicis
232 1945 368 1994 dialectis
384 1945 491 2008 duplea
509 1943 684 2009 conJeepandi
701 1945 804 1994 modus
822 1948 935 1996 secerni
954 1945 1068 2010 aetem,
1085 1945 1241 2009 parimodo
1258 1946 1307 1995 ut-

90 2040 143 2092 que
161 2028 337 2091 declinandi,
355 2030 382 2077 is
399 2030 532 2080 nimirum
547 2031 597 2093 qui
614 2031 712 2091 potior
730 2031 914 2092 nuncupatur
934 2031 963 2080 et
976 2032 1026 2095 qui
1043 2030 1235 2094 praeteritum
1251 2029 1307 2079 ini·
1345 2080 1348 2099 ι

87 2111 248 2162 utulatione
275 2112 392 2161 uocalis
417 2112 564 2163 radicalis
589 2114 641 2163 aut
667 2112 796 2176 simplici
820 2116 873 2164 neet
900 2114 1013 2176 duplici
1042 2114 1141 2178 sipont
1165 2113 1307 2176 (partici-

89 2197 169 2258 pium
184 2196 341 2259 praeteriti
358 2199 411 2247 aut
426 2196 589 2259 praesentis
605 2197 655 2245 aut
675 2195 807 2257 pluralis
823 2200 982 2261 praeteriti
998 2198 1128 2248 vocalem
1146 2195 1307 2247 radicalem

90 2279 206 2345 dalet),
237 2282 323 2344 atque
342 2280 395 2330 ille
412 2283 462 2345 qui
480 2280 596 2344 sequior
612 2281 793 2345 nominatur,
826 2282 854 2331 et
872 2282 1036 2345 praeterita
1054 2277 1164 2344 susilano
1182 2280 1308 2343 quodam

91 2364 238 2452 (auxii)
254 2363 386 2427 formata
404 2364 527 2415 canitiei
563 2364 622 2413 Sed
638 2374 695 2426 pro
713 2366 773 2428 -dn‚
790 2366 851 2431 aie,
868 2366 897 2416 el
911 2376 997 2428 pro·
982 2365 1035 2426 -‚di
1049 2364 1099 2413 -ai
1109 2364 1308 2429 Jamlepttur.

158 2453 180 2506 s
199 2438 240 2497 io.
275 2448 354 2509 Quae
371 2461 434 2498 cum
453 2451 497 2499 ita
522 2448 595 2511 sint,
621 2448 703 2497 illius
723 2451 888 2513 primariae
917 2451 973 2500 etsi
993 2461 1068 2499 uuna
1089 2460 1231 2512 unusquam
1256 2460 1311 2499 eoi·

92 2533 200 2582 stantis
223 2531 438 2598 conJ'upotionis
462 2535 590 2596 potioris
613 2534 792 2598 paradipma
820 2534 867 2584 iric
890 2545 953 2583 cum
977 2532 1135 2584 lectoribus
1151 2532 1311 2583 communi-

92 2628 159 2667 care
177 2616 262 2681 litet,
284 2618 316 2667 ut
333 2630 406 2668 unus
425 2619 558 2683 unisone,
580 2619 630 2681 oui
645 2619 675 2666 tn
694 2618 853 2681 temporum
874 2617 1000 2668 decursu
1018 2618 1148 2667 evenerit
1164 2626 1311 2667 recessum

91 2713 111 2749 a
128 2700 275 2763 primario
295 2713 331 2751 ao
348 2702 476 2752 normali
493 2700 710 2766 conjupationic
727 2703 807 2753 statu
826 2699 992 2764 dijudicare
1006 2702 1112 2763 possit.
1150 2701 1194 2762 Si,
1209 2700 1258 2750 uti
1275 2700 1311 2751 ee

92 2783 284 2835 declinatione
315 2787 436 2849 eptmus,
471 2785 705 2849 antiquissimum
729 2784 796 2847 jam
826 2785 982 2836 obsoletum
1007 2785 1175 2836 declinandi
1197 2784 1311 2835 niodum

93 2880 168 2916 reunia
184 2869 293 2918 usitato
312 2870 610 2935 postposuimus,·twc
628 2872 694 2920 loco
712 2870 794 2919 illem
811 2868 990 2934 coniupandi
1007 2870 1121 2919 modum
1139 2868 1206 2918 tuic
1221 2879 1312 2932 prae·

94 2950 208 3000 uiittere
226 2952 420 3017 decrevimus3
439 2954 524 3017 idque
541 2956 585 3004 est
599 2954 762 3017 primariae
776 2951 842 3016 jam
860 2952 1004 3004 obsoletae
1024 2951 1240 3017 coujeepationis
1257 2962 1313 3013 po-

96 3035 182 3084 tioris
203 3036 380 3099 purudipma
400 3049 437 3087 ep
454 3036 594 3101 analopia
613 3038 827 3089 constructum:

305 3119 498 3173 indicativus.
856 3117 1075 3182 conjunctivus.

94 3202 197 3254 Praes-
216 3206 290 3271 sinp.
309 3202 333 3256 1.
352 3205 474 3255 trini-sm
905 3200 1038 3275 bini-iim

305 3288 330 3337 2.
347 3289 466 3357 bini-ig,
906 3276 1028 3363 bina-iii

304 3373 329 3421 ι.
348 3371 427 3421 sins·
428 3372 458 3421 ιι
906 3355 1019 3442 sena-[i

208 3457 288 3519 plur.
308 3458 333 3505 1.
350 3455 429 3506 hind-
415 3469 509 3507 -nmns
907 3454 1075 3519 bini-rima

306 3538 332 3590 2.
350 3514 515 3611 nina-Q
909 3538 1072 3609 bini-Q

306 3622 333 3673 8.
352 3620 485 3673 blod-and
910 3624 1055 3697 blod-Q

97 3704 197 3756 Praei.
215 3705 289 3770 einp.
309 3703 333 3757 1.
352 3704 541 3777 tribuni-utin)
909 3708 1063 3759 tribuni-im

310 3789 335 3841 2.
354 3790 464 3863 tribuunt
485 3778 488 3783 ¹
910 3791 1054 3843 bibunt-is

310 3872 335 3927 i.
354 3872 502 3951 initiandae.
911 3874 1037 3935 tribuni-i

214 3956 291 4017 pira.
309 3956 334 4010 1.
352 3957 552 4035 bibunt-*Q
912 3958 1101 4027 piboni-imno

310 4041 335 4094 2.
355 4042 544 4123 hliuni-Q
913 4042 1095 4121 piboni-Q

310 4127 334 4172 ³.
353 4125 515 4207 bibunt-Q
911 4125 1076 4201 tribuni-‘iffi

298 4208 511 4271 imparatiaus.
863 4204 1039 4271 infinitivus.

216 4295 290 4355 sinp.
309 4292 334 4343 2.
352 4291 415 4341 biod
914 4290 1028 4340 blod-uu

208 4376 287 4439 pina
305 4375 330 4423 ι.
350 4362 485 4425 sisenna

103 4457 183 4510 t’art.
201 4470 298 4523 praes.
317 4455 467 4507 blotande
710 4459 794 4511 Part.
802 4458 897 4524 praet.
907 4457 1116 4545 insanissimi
1125 4460 1323 4523 liband-uns).
