<?xml version="1.0" encoding="UTF-8"?>
<!DOCTYPE html PUBLIC "-//W3C//DTD XHTML 1.0 Transitional//EN"
    "http://www.w3.org/TR/xhtml1/DTD/xhtml1-transitional.dtd">
<html xmlns="http://www.w3.org/1999/xhtml" xml:lang="en" lang="en">
 <head>
  <title>
</title>
<meta http-equiv="Content-Type" content="text/html;charset=utf-8" />
  <meta name='ocr-system' content='tesseract 3.04.00' />
  <meta name='ocr-capabilities' content='ocr_page ocr_carea ocr_par ocr_line ocrx_word'/>
</head>
<body>
  <div class='ocr_page' id='page_1' title='image "./vordavealhstden00ettmgoog/vordavealhstden00ettmgoog_0037.png"; bbox 0 0 2700 4784; ppageno 0'>
   <div class='ocr_carea' id='block_1_1' title="bbox 126 90 817 175">
    <p class='ocr_par' dir='ltr' id='par_1_1' title="bbox 126 90 817 175">
     <span class='ocr_line' id='line_1_1' title="bbox 126 90 817 175; baseline -0.007 -17"><span class='ocrx_word' id='word_1_1' title='bbox 126 92 205 143; x_wconf 69' lang='lat' dir='ltr'><strong>m</strong></span> <span class='ocrx_word' id='word_1_2' title='bbox 656 90 817 175; x_wconf 75' lang='lat' dir='ltr'><strong><em>Praefatio.</em></strong></span> 
     </span>
    </p>
   </div>
   <div class='ocr_carea' id='block_1_2' title="bbox 123 260 1344 2432">
    <p class='ocr_par' dir='ltr' id='par_1_2' title="bbox 126 260 1342 577">
     <span class='ocr_line' id='line_1_2' title="bbox 126 260 1340 333; baseline 0.001 -18"><span class='ocrx_word' id='word_1_3' title='bbox 126 260 313 327; x_wconf 74' lang='lat' dir='ltr'><strong><em>adinnpitnr,</em></strong></span> <span class='ocrx_word' id='word_1_4' title='bbox 329 273 353 316; x_wconf 87' lang='lat' dir='ltr'><strong><em>s.</em></strong></span> <span class='ocrx_word' id='word_1_5' title='bbox 368 272 416 327; x_wconf 81' lang='lat' dir='ltr'><strong><em>yr.</em></strong></span> <span class='ocrx_word' id='word_1_6' title='bbox 431 261 560 311; x_wconf 78' lang='lat' dir='ltr'><strong><em>blenhtor</em></strong></span> <span class='ocrx_word' id='word_1_7' title='bbox 575 262 668 324; x_wconf 86' lang='lat' dir='ltr'><strong><em>risos,</em></strong></span> <span class='ocrx_word' id='word_1_8' title='bbox 691 275 711 312; x_wconf 88' lang='lat' dir='ltr'><strong><em>a</em></strong></span> <span class='ocrx_word' id='word_1_9' title='bbox 730 261 856 323; x_wconf 76' lang='lat' dir='ltr'><strong><em>blesiso,</em></strong></span> <span class='ocrx_word' id='word_1_10' title='bbox 873 260 968 324; x_wconf 77' lang='lat' dir='ltr'><strong><em>geniti</em></strong></span> <span class='ocrx_word' id='word_1_11' title='bbox 985 262 1176 333; x_wconf 73' lang='lat' dir='ltr'><strong><em>obtendantia,</em></strong></span> <span class='ocrx_word' id='word_1_12' title='bbox 1196 285 1215 321; x_wconf 88' lang='lat' dir='ltr'><strong><em>a</em></strong></span> <span class='ocrx_word' id='word_1_13' title='bbox 1233 275 1340 333; x_wconf 72' lang='lat' dir='ltr'><strong><em>genem.</em></strong></span> 
     </span>
     <span class='ocr_line' id='line_1_3' title="bbox 128 342 1341 418; baseline 0.009 -22"><span class='ocrx_word' id='word_1_14' title='bbox 128 343 254 411; x_wconf 73' lang='lat' dir='ltr'><strong><em>sufficit,</em></strong></span> <span class='ocrx_word' id='word_1_15' title='bbox 280 342 390 410; x_wconf 83' lang='lat' dir='ltr'><strong><em>tihiljno</em></strong></span> <span class='ocrx_word' id='word_1_16' title='bbox 408 358 549 396; x_wconf 83' lang='lat' dir='ltr'><strong><em>accusare</em></strong></span> <span class='ocrx_word' id='word_1_17' title='bbox 569 358 588 394; x_wconf 89' lang='lat' dir='ltr'><strong><em>a</em></strong></span> <span class='ocrx_word' id='word_1_18' title='bbox 608 346 696 407; x_wconf 67' lang='lat' dir='ltr'><strong><em>iliram</em></strong></span> <span class='ocrx_word' id='word_1_19' title='bbox 733 345 899 409; x_wconf 77' lang='lat' dir='ltr'><strong><em>ambibi(=</em></strong></span> <span class='ocrx_word' id='word_1_20' title='bbox 918 347 1200 418; x_wconf 62' lang='lat' dir='ltr'><strong><em>consommatio,</em></strong></span> <span class='ocrx_word' id='word_1_21' title='bbox 1223 358 1303 405; x_wconf 79' lang='lat' dir='ltr'><strong><em>minio</em></strong></span> <span class='ocrx_word' id='word_1_22' title='bbox 1323 371 1341 408; x_wconf 91' lang='lat' dir='ltr'><strong><em>a</em></strong></span> 
     </span>
     <span class='ocr_line' id='line_1_4' title="bbox 127 426 1342 498; baseline 0.009 -19"><span class='ocrx_word' id='word_1_23' title='bbox 127 430 222 487; x_wconf 76' lang='lat' dir='ltr'><strong><em>rinno,</em></strong></span> <span class='ocrx_word' id='word_1_24' title='bbox 241 426 322 479; x_wconf 84' lang='lat' dir='ltr'><strong><em>sbhie</em></strong></span> <span class='ocrx_word' id='word_1_25' title='bbox 341 445 360 480; x_wconf 92' lang='lat' dir='ltr'><strong><em>a</em></strong></span> <span class='ocrx_word' id='word_1_26' title='bbox 376 442 478 491; x_wconf 87' lang='lat' dir='ltr'><strong><em>secnn;</em></strong></span> <span class='ocrx_word' id='word_1_27' title='bbox 497 429 604 478; x_wconf 84' lang='lat' dir='ltr'><strong><em>mesbte</em></strong></span> <span class='ocrx_word' id='word_1_28' title='bbox 620 443 639 479; x_wconf 91' lang='lat' dir='ltr'><strong><em>a</em></strong></span> <span class='ocrx_word' id='word_1_29' title='bbox 658 442 768 494; x_wconf 75' lang='lat' dir='ltr'><strong><em>magna,</em></strong></span> <span class='ocrx_word' id='word_1_30' title='bbox 787 428 850 481; x_wconf 80' lang='lat' dir='ltr'><strong><em>inte</em></strong></span> <span class='ocrx_word' id='word_1_31' title='bbox 868 430 904 480; x_wconf 90' lang='lat' dir='ltr'><strong><em>ab</em></strong></span> <span class='ocrx_word' id='word_1_32' title='bbox 924 430 1007 494; x_wconf 78' lang='lat' dir='ltr'><strong><em>igno,</em></strong></span> <span class='ocrx_word' id='word_1_33' title='bbox 1027 435 1079 483; x_wconf 86' lang='lat' dir='ltr'><strong><em>cet.</em></strong></span> <span class='ocrx_word' id='word_1_34' title='bbox 1097 448 1153 498; x_wconf 89' lang='lat' dir='ltr'><strong><em>pro</em></strong></span> <span class='ocrx_word' id='word_1_35' title='bbox 1173 443 1201 486; x_wconf 87' lang='lat' dir='ltr'><strong><em>si</em></strong></span> <span class='ocrx_word' id='word_1_36' title='bbox 1218 441 1248 488; x_wconf 91' lang='lat' dir='ltr'><strong><em>in</em></strong></span> <span class='ocrx_word' id='word_1_37' title='bbox 1264 441 1342 491; x_wconf 85' lang='lat' dir='ltr'><strong><em>lenh-</em></strong></span> 
     </span>
     <span class='ocr_line' id='line_1_5' title="bbox 129 508 1103 577; baseline 0 -14"><span class='ocrx_word' id='word_1_38' title='bbox 129 520 182 577; x_wconf 86' lang='lat' dir='ltr'><strong><em>ter,</em></strong></span> <span class='ocrx_word' id='word_1_39' title='bbox 204 515 297 563; x_wconf 79' lang='lat' dir='ltr'><strong><em>theod.</em></strong></span> <span class='ocrx_word' id='word_1_40' title='bbox 315 515 414 577; x_wconf 83' lang='lat' dir='ltr'><strong><em>instar,</em></strong></span> <span class='ocrx_word' id='word_1_41' title='bbox 433 513 584 563; x_wconf 86' lang='lat' dir='ltr'><strong><em>scribitur.</em></strong></span> <span class='ocrx_word' id='word_1_42' title='bbox 1101 508 1103 512; x_wconf 49' lang='lat'><strong><em>⁴</em></strong></span> 
     </span>
    </p>

    <p class='ocr_par' dir='ltr' id='par_1_3' title="bbox 126 597 1344 1573">
     <span class='ocr_line' id='line_1_6' title="bbox 195 597 1342 665; baseline 0.01 -17"><span class='ocrx_word' id='word_1_43' title='bbox 195 603 217 656; x_wconf 72' lang='lat' dir='ltr'><strong><em>,t</em></strong></span> <span class='ocrx_word' id='word_1_44' title='bbox 236 600 261 648; x_wconf 78' lang='lat' dir='ltr'><strong><em>i.</em></strong></span> <span class='ocrx_word' id='word_1_45' title='bbox 296 600 339 648; x_wconf 84' lang='lat' dir='ltr'><strong><em>tie</em></strong></span> <span class='ocrx_word' id='word_1_46' title='bbox 355 597 490 648; x_wconf 72' lang='lat' dir='ltr'><strong><em>sibilante</em></strong></span> <span class='ocrx_word' id='word_1_47' title='bbox 508 612 532 646; x_wconf 85' lang='lat' dir='ltr'><strong><em>s.</em></strong></span> <span class='ocrx_word' id='word_1_48' title='bbox 568 598 611 647; x_wconf 85' lang='lat' dir='ltr'><strong><em>De</em></strong></span> <span class='ocrx_word' id='word_1_49' title='bbox 626 599 763 649; x_wconf 73' lang='lat' dir='ltr'><strong><em>sibilante</em></strong></span> <span class='ocrx_word' id='word_1_50' title='bbox 782 612 797 647; x_wconf 93' lang='lat' dir='ltr'><strong><em>s</em></strong></span> <span class='ocrx_word' id='word_1_51' title='bbox 816 600 846 647; x_wconf 87' lang='lat' dir='ltr'><strong><em>in</em></strong></span> <span class='ocrx_word' id='word_1_52' title='bbox 863 612 964 650; x_wconf 85' lang='lat' dir='ltr'><strong><em>vocam</em></strong></span> <span class='ocrx_word' id='word_1_53' title='bbox 984 604 1080 665; x_wconf 88' lang='lat' dir='ltr'><strong><em>capite</em></strong></span> <span class='ocrx_word' id='word_1_54' title='bbox 1102 602 1187 654; x_wconf 86' lang='lat' dir='ltr'><strong><em>obvia</em></strong></span> <span class='ocrx_word' id='word_1_55' title='bbox 1204 608 1278 657; x_wconf 85' lang='lat' dir='ltr'><strong><em>nibil</em></strong></span> <span class='ocrx_word' id='word_1_56' title='bbox 1296 611 1342 659; x_wconf 91' lang='lat' dir='ltr'><strong><em>di-</em></strong></span> 
     </span>
     <span class='ocr_line' id='line_1_7' title="bbox 128 682 1343 755; baseline 0.008 -23"><span class='ocrx_word' id='word_1_57' title='bbox 128 683 246 733; x_wconf 84' lang='lat' dir='ltr'><strong><em>cendam</em></strong></span> <span class='ocrx_word' id='word_1_58' title='bbox 264 685 318 747; x_wconf 89' lang='lat' dir='ltr'><strong><em>est,</em></strong></span> <span class='ocrx_word' id='word_1_59' title='bbox 335 684 437 733; x_wconf 78' lang='lat' dir='ltr'><strong><em>prediis</em></strong></span> <span class='ocrx_word' id='word_1_60' title='bbox 456 683 487 731; x_wconf 89' lang='lat' dir='ltr'><strong><em>io</em></strong></span> <span class='ocrx_word' id='word_1_61' title='bbox 505 682 653 733; x_wconf 79' lang='lat' dir='ltr'><strong><em>vocabulis</em></strong></span> <span class='ocrx_word' id='word_1_62' title='bbox 674 686 725 734; x_wconf 89' lang='lat' dir='ltr'><strong><em>ant</em></strong></span> <span class='ocrx_word' id='word_1_63' title='bbox 748 684 885 731; x_wconf 84' lang='lat' dir='ltr'><strong><em>seroatnr</em></strong></span> <span class='ocrx_word' id='word_1_64' title='bbox 908 686 960 734; x_wconf 87' lang='lat' dir='ltr'><strong><em>ant</em></strong></span> <span class='ocrx_word' id='word_1_65' title='bbox 981 686 1011 733; x_wconf 88' lang='lat' dir='ltr'><strong><em>in</em></strong></span> <span class='ocrx_word' id='word_1_66' title='bbox 1033 698 1047 735; x_wconf 88' lang='lat' dir='ltr'><strong><em>s</em></strong></span> <span class='ocrx_word' id='word_1_67' title='bbox 1066 688 1181 738; x_wconf 85' lang='lat' dir='ltr'><strong><em>transit.</em></strong></span> <span class='ocrx_word' id='word_1_68' title='bbox 1222 692 1343 755; x_wconf 87' lang='lat' dir='ltr'><strong><em>(.&#39;onspi·</em></strong></span> 
     </span>
     <span class='ocr_line' id='line_1_8' title="bbox 128 766 1344 837; baseline 0.007 -21"><span class='ocrx_word' id='word_1_69' title='bbox 128 768 207 817; x_wconf 88' lang='lat' dir='ltr'><strong><em>citnr</em></strong></span> <span class='ocrx_word' id='word_1_70' title='bbox 225 780 239 815; x_wconf 86' lang='lat' dir='ltr'><strong><em>s</em></strong></span> <span class='ocrx_word' id='word_1_71' title='bbox 256 768 352 817; x_wconf 83' lang='lat' dir='ltr'><strong><em>adlsnc</em></strong></span> <span class='ocrx_word' id='word_1_72' title='bbox 370 769 399 816; x_wconf 89' lang='lat' dir='ltr'><strong><em>in</em></strong></span> <span class='ocrx_word' id='word_1_73' title='bbox 417 768 485 817; x_wconf 85' lang='lat' dir='ltr'><strong><em>bnsu</em></strong></span> <span class='ocrx_word' id='word_1_74' title='bbox 504 770 660 825; x_wconf 77' lang='lat' dir='ltr'><strong><em>coccinum,</em></strong></span> <span class='ocrx_word' id='word_1_75' title='bbox 680 779 750 815; x_wconf 79' lang='lat' dir='ltr'><strong><em>nasu</em></strong></span> <span class='ocrx_word' id='word_1_76' title='bbox 768 780 874 833; x_wconf 88' lang='lat' dir='ltr'><strong><em>nasas,</em></strong></span> <span class='ocrx_word' id='word_1_77' title='bbox 894 766 1090 835; x_wconf 67' lang='lat' dir='ltr'><strong><em>viscarium,</em></strong></span> <span class='ocrx_word' id='word_1_78' title='bbox 1108 771 1179 821; x_wconf 79' lang='lat' dir='ltr'><strong><em>inlisa</em></strong></span> <span class='ocrx_word' id='word_1_79' title='bbox 1196 776 1242 823; x_wconf 87' lang='lat' dir='ltr'><strong><em>oet</em></strong></span> <span class='ocrx_word' id='word_1_80' title='bbox 1260 777 1344 837; x_wconf 71' lang='lat' dir='ltr'><strong><em>teipsa</em></strong></span> 
     </span>
     <span class='ocr_line' id='line_1_9' title="bbox 128 848 1342 918; baseline 0.008 -19"><span class='ocrx_word' id='word_1_81' title='bbox 128 848 182 911; x_wconf 76' lang='lat' dir='ltr'><strong><em>[cf.</em></strong></span> <span class='ocrx_word' id='word_1_82' title='bbox 200 850 261 901; x_wconf 88' lang='lat' dir='ltr'><strong><em>bor.</em></strong></span> <span class='ocrx_word' id='word_1_83' title='bbox 280 852 359 900; x_wconf 81' lang='lat' dir='ltr'><strong><em>blera</em></strong></span> <span class='ocrx_word' id='word_1_84' title='bbox 378 850 558 913; x_wconf 87' lang='lat' dir='ltr'><strong><em>aascnltare)</em></strong></span> <span class='ocrx_word' id='word_1_85' title='bbox 572 849 668 913; x_wconf 73' lang='lat' dir='ltr'><strong><em>sarna,</em></strong></span> <span class='ocrx_word' id='word_1_86' title='bbox 693 850 780 899; x_wconf 73' lang='lat' dir='ltr'><strong><em>arisel</em></strong></span> <span class='ocrx_word' id='word_1_87' title='bbox 799 853 904 902; x_wconf 85' lang='lat' dir='ltr'><strong><em>radios</em></strong></span> <span class='ocrx_word' id='word_1_88' title='bbox 924 855 1081 917; x_wconf 80' lang='lat' dir='ltr'><strong><em>testorins,</em></strong></span> <span class='ocrx_word' id='word_1_89' title='bbox 1105 857 1190 905; x_wconf 84' lang='lat' dir='ltr'><strong><em>brusa</em></strong></span> <span class='ocrx_word' id='word_1_90' title='bbox 1208 858 1262 918; x_wconf 84' lang='lat' dir='ltr'><strong><em>(cl.</em></strong></span> <span class='ocrx_word' id='word_1_91' title='bbox 1280 859 1342 909; x_wconf 90' lang='lat' dir='ltr'><strong><em>bor.</em></strong></span> 
     </span>
     <span class='ocr_line' id='line_1_10' title="bbox 130 932 1344 1003; baseline 0.01 -22"><span class='ocrx_word' id='word_1_92' title='bbox 130 934 256 999; x_wconf 79' lang='lat' dir='ltr'><strong><em>bronnis,</em></strong></span> <span class='ocrx_word' id='word_1_93' title='bbox 272 934 376 985; x_wconf 82' lang='lat' dir='ltr'><strong><em>bribstr</em></strong></span> <span class='ocrx_word' id='word_1_94' title='bbox 392 934 511 1000; x_wconf 74' lang='lat' dir='ltr'><strong><em>firmos,</em></strong></span> <span class='ocrx_word' id='word_1_95' title='bbox 526 932 633 997; x_wconf 75' lang='lat' dir='ltr'><strong><em>sortis)</em></strong></span> <span class='ocrx_word' id='word_1_96' title='bbox 650 935 748 997; x_wconf 89' lang='lat' dir='ltr'><strong><em>terro,</em></strong></span> <span class='ocrx_word' id='word_1_97' title='bbox 766 934 845 983; x_wconf 75' lang='lat' dir='ltr'><strong><em>bisol</em></strong></span> <span class='ocrx_word' id='word_1_98' title='bbox 860 937 992 998; x_wconf 86' lang='lat' dir='ltr'><strong><em>corylos,</em></strong></span> <span class='ocrx_word' id='word_1_99' title='bbox 1013 938 1098 987; x_wconf 76' lang='lat' dir='ltr'><strong><em>blase</em></strong></span> <span class='ocrx_word' id='word_1_100' title='bbox 1114 938 1188 1001; x_wconf 77' lang='lat' dir='ltr'><strong><em>saa,</em></strong></span> <span class='ocrx_word' id='word_1_101' title='bbox 1207 939 1261 1003; x_wconf 61' lang='lat' dir='ltr'><strong><em>ssis</em></strong></span> <span class='ocrx_word' id='word_1_102' title='bbox 1280 947 1344 995; x_wconf 87' lang='lat' dir='ltr'><strong><em>oel-</em></strong></span> 
     </span>
     <span class='ocr_line' id='line_1_11' title="bbox 130 1014 1343 1090; baseline 0.01 -23"><span class='ocrx_word' id='word_1_103' title='bbox 130 1018 183 1083; x_wconf 86' lang='lat' dir='ltr'><strong><em>lns,</em></strong></span> <span class='ocrx_word' id='word_1_104' title='bbox 203 1021 256 1072; x_wconf 88' lang='lat' dir='ltr'><strong><em>cet.</em></strong></span> <span class='ocrx_word' id='word_1_105' title='bbox 292 1018 326 1067; x_wconf 88' lang='lat' dir='ltr'><strong><em>ln</em></strong></span> <span class='ocrx_word' id='word_1_106' title='bbox 345 1031 360 1069; x_wconf 89' lang='lat' dir='ltr'><strong><em>r</em></strong></span> <span class='ocrx_word' id='word_1_107' title='bbox 376 1021 499 1070; x_wconf 88' lang='lat' dir='ltr'><strong><em>translit</em></strong></span> <span class='ocrx_word' id='word_1_108' title='bbox 513 1032 527 1066; x_wconf 87' lang='lat' dir='ltr'><strong><em>s</em></strong></span> <span class='ocrx_word' id='word_1_109' title='bbox 542 1020 573 1067; x_wconf 86' lang='lat' dir='ltr'><strong><em>in</em></strong></span> <span class='ocrx_word' id='word_1_110' title='bbox 591 1019 658 1067; x_wconf 82' lang='lat' dir='ltr'><strong><em>barn</em></strong></span> <span class='ocrx_word' id='word_1_111' title='bbox 676 1019 774 1081; x_wconf 83' lang='lat' dir='ltr'><strong><em>lepos,</em></strong></span> <span class='ocrx_word' id='word_1_112' title='bbox 795 1014 882 1080; x_wconf 55' lang='lat' dir='ltr'><strong><em>bisso</em></strong></span> <span class='ocrx_word' id='word_1_113' title='bbox 902 1021 1006 1071; x_wconf 80' lang='lat' dir='ltr'><strong><em>andire</em></strong></span> <span class='ocrx_word' id='word_1_114' title='bbox 1027 1023 1284 1090; x_wconf 57' lang='lat' dir='ltr'><strong><em>waltranno-jan),</em></strong></span> <span class='ocrx_word' id='word_1_115' title='bbox 1312 1028 1343 1079; x_wconf 80' lang='lat' dir='ltr'><strong><em>dr</em></strong></span> 
     </span>
     <span class='ocr_line' id='line_1_12' title="bbox 130 1097 1343 1173; baseline -0.002 -20"><span class='ocrx_word' id='word_1_116' title='bbox 130 1115 188 1168; x_wconf 83' lang='lat' dir='ltr'><strong><em>nes,</em></strong></span> <span class='ocrx_word' id='word_1_117' title='bbox 205 1102 258 1165; x_wconf 80' lang='lat' dir='ltr'><strong><em>gis</em></strong></span> <span class='ocrx_word' id='word_1_118' title='bbox 272 1102 369 1167; x_wconf 82' lang='lat' dir='ltr'><strong><em>basta,</em></strong></span> <span class='ocrx_word' id='word_1_119' title='bbox 389 1115 484 1153; x_wconf 75' lang='lat' dir='ltr'><strong><em>varon</em></strong></span> <span class='ocrx_word' id='word_1_120' title='bbox 501 1100 629 1168; x_wconf 66' lang='lat' dir='ltr'><strong><em>Inerant,</em></strong></span> <span class='ocrx_word' id='word_1_121' title='bbox 647 1116 667 1153; x_wconf 88' lang='lat' dir='ltr'><strong><em>a</em></strong></span> <span class='ocrx_word' id='word_1_122' title='bbox 683 1102 782 1165; x_wconf 70' lang='lat' dir='ltr'><strong><em>nisan,</em></strong></span> <span class='ocrx_word' id='word_1_123' title='bbox 801 1097 909 1165; x_wconf 84' lang='lat' dir='ltr'><strong><em>ocrjno,</em></strong></span> <span class='ocrx_word' id='word_1_124' title='bbox 927 1101 1026 1168; x_wconf 78' lang='lat' dir='ltr'><strong><em>serjao</em></strong></span> <span class='ocrx_word' id='word_1_125' title='bbox 1038 1107 1134 1170; x_wconf 59' lang='lat' dir='ltr'><strong><em>(yotlna</em></strong></span> <span class='ocrx_word' id='word_1_126' title='bbox 1144 1107 1256 1173; x_wconf 78' lang='lat' dir='ltr'><strong><em>nasjan,</em></strong></span> <span class='ocrx_word' id='word_1_127' title='bbox 1276 1126 1343 1162; x_wconf 67' lang='lat' dir='ltr'><strong><em>vas.</em></strong></span> 
     </span>
     <span class='ocr_line' id='line_1_13' title="bbox 126 1176 1135 1251; baseline -0.003 -16"><span class='ocrx_word' id='word_1_128' title='bbox 126 1180 201 1251; x_wconf 82' lang='lat' dir='ltr'><strong><em>jso),</em></strong></span> <span class='ocrx_word' id='word_1_129' title='bbox 219 1188 272 1237; x_wconf 87' lang='lat' dir='ltr'><strong><em>cet.</em></strong></span> <span class='ocrx_word' id='word_1_130' title='bbox 1131 1176 1135 1239; x_wconf 74' lang='grc' dir='ltr'>ξ</span> 
     </span>
     <span class='ocr_line' id='line_1_14' title="bbox 195 1269 1344 1336; baseline 0.009 -17"><span class='ocrx_word' id='word_1_131' title='bbox 195 1270 231 1319; x_wconf 85' lang='lat' dir='ltr'><strong><em>ln</em></strong></span> <span class='ocrx_word' id='word_1_132' title='bbox 249 1270 417 1335; x_wconf 79' lang='lat' dir='ltr'><strong><em>quibasdam</em></strong></span> <span class='ocrx_word' id='word_1_133' title='bbox 439 1269 557 1320; x_wconf 78' lang='lat' dir='ltr'><strong><em>vocibus</em></strong></span> <span class='ocrx_word' id='word_1_134' title='bbox 579 1282 649 1319; x_wconf 79' lang='lat' dir='ltr'><strong><em>sea</em></strong></span> <span class='ocrx_word' id='word_1_135' title='bbox 669 1273 689 1333; x_wconf 84' lang='lat' dir='ltr'><strong><em>t,</em></strong></span> <span class='ocrx_word' id='word_1_136' title='bbox 706 1269 733 1334; x_wconf 91' lang='lat' dir='ltr'><strong><em>d,</em></strong></span> <span class='ocrx_word' id='word_1_137' title='bbox 752 1270 768 1317; x_wconf 85' lang='lat' dir='ltr'><strong><em>b</em></strong></span> <span class='ocrx_word' id='word_1_138' title='bbox 788 1271 856 1319; x_wconf 89' lang='lat' dir='ltr'><strong><em>orta</em></strong></span> <span class='ocrx_word' id='word_1_139' title='bbox 874 1272 931 1333; x_wconf 92' lang='lat' dir='ltr'><strong><em>est,</em></strong></span> <span class='ocrx_word' id='word_1_140' title='bbox 957 1284 981 1321; x_wconf 87' lang='lat' dir='ltr'><strong><em>e.</em></strong></span> <span class='ocrx_word' id='word_1_141' title='bbox 997 1285 1042 1336; x_wconf 60' lang='lat' dir='ltr'><strong><em>yr·</em></strong></span> <span class='ocrx_word' id='word_1_142' title='bbox 1068 1272 1128 1324; x_wconf 86' lang='lat' dir='ltr'><strong><em>viss</em></strong></span> <span class='ocrx_word' id='word_1_143' title='bbox 1147 1279 1279 1327; x_wconf 86' lang='lat' dir='ltr'><strong><em>cerins-a</em></strong></span> <span class='ocrx_word' id='word_1_144' title='bbox 1301 1280 1344 1330; x_wconf 85' lang='lat' dir='ltr'><strong><em>vi·</em></strong></span> 
     </span>
     <span class='ocr_line' id='line_1_15' title="bbox 128 1352 1342 1427; baseline 0.006 -24"><span class='ocrx_word' id='word_1_145' title='bbox 128 1357 186 1416; x_wconf 81' lang='lat' dir='ltr'><strong><em>tan,</em></strong></span> <span class='ocrx_word' id='word_1_146' title='bbox 206 1353 324 1417; x_wconf 73' lang='lat' dir='ltr'><strong><em>hiemen</em></strong></span> <span class='ocrx_word' id='word_1_147' title='bbox 347 1368 365 1404; x_wconf 89' lang='lat' dir='ltr'><strong><em>a</em></strong></span> <span class='ocrx_word' id='word_1_148' title='bbox 385 1355 482 1418; x_wconf 86' lang='lat' dir='ltr'><strong><em>bidan,</em></strong></span> <span class='ocrx_word' id='word_1_149' title='bbox 517 1355 607 1415; x_wconf 73' lang='lat' dir='ltr'><strong><em>bysso</em></strong></span> <span class='ocrx_word' id='word_1_150' title='bbox 631 1367 649 1403; x_wconf 94' lang='lat' dir='ltr'><strong><em>a</em></strong></span> <span class='ocrx_word' id='word_1_151' title='bbox 674 1352 794 1418; x_wconf 81' lang='lat' dir='ltr'><strong><em>hebdao,</em></strong></span> <span class='ocrx_word' id='word_1_152' title='bbox 831 1353 933 1403; x_wconf 74' lang='lat' dir='ltr'><strong><em>prison</em></strong></span> <span class='ocrx_word' id='word_1_153' title='bbox 955 1370 975 1405; x_wconf 92' lang='lat' dir='ltr'><strong><em>a</em></strong></span> <span class='ocrx_word' id='word_1_154' title='bbox 999 1358 1110 1419; x_wconf 81' lang='lat' dir='ltr'><strong><em>vriosn,</em></strong></span> <span class='ocrx_word' id='word_1_155' title='bbox 1142 1358 1342 1427; x_wconf 82' lang='lat' dir='ltr'><strong><em>blbsma&#39;(pra</em></strong></span> 
     </span>
     <span class='ocr_line' id='line_1_16' title="bbox 126 1433 1343 1510; baseline 0.007 -22"><span class='ocrx_word' id='word_1_156' title='bbox 126 1437 259 1498; x_wconf 83' lang='lat' dir='ltr'><strong><em>blbsnon)</em></strong></span> <span class='ocrx_word' id='word_1_157' title='bbox 280 1453 299 1489; x_wconf 88' lang='lat' dir='ltr'><strong><em>a</em></strong></span> <span class='ocrx_word' id='word_1_158' title='bbox 317 1435 429 1501; x_wconf 86' lang='lat' dir='ltr'><strong><em>bibrao,</em></strong></span> <span class='ocrx_word' id='word_1_159' title='bbox 446 1433 537 1502; x_wconf 79' lang='lat' dir='ltr'><strong><em>tbsjno</em></strong></span> <span class='ocrx_word' id='word_1_160' title='bbox 553 1436 669 1503; x_wconf 73' lang='lat' dir='ltr'><strong><em>fayore,</em></strong></span> <span class='ocrx_word' id='word_1_161' title='bbox 687 1450 706 1487; x_wconf 91' lang='lat' dir='ltr'><strong><em>a</em></strong></span> <span class='ocrx_word' id='word_1_162' title='bbox 724 1437 797 1500; x_wconf 79' lang='lat' dir='ltr'><strong><em>isos,</em></strong></span> <span class='ocrx_word' id='word_1_163' title='bbox 815 1435 939 1502; x_wconf 81' lang='lat' dir='ltr'><strong><em>glinojno</em></strong></span> <span class='ocrx_word' id='word_1_164' title='bbox 958 1454 976 1490; x_wconf 89' lang='lat' dir='ltr'><strong><em>a</em></strong></span> <span class='ocrx_word' id='word_1_165' title='bbox 999 1442 1103 1507; x_wconf 78' lang='lat' dir='ltr'><strong><em>gilisa,</em></strong></span> <span class='ocrx_word' id='word_1_166' title='bbox 1143 1445 1222 1493; x_wconf 80' lang='lat' dir='ltr'><strong><em>nisan</em></strong></span> <span class='ocrx_word' id='word_1_167' title='bbox 1244 1451 1343 1510; x_wconf 57' lang='lat' dir='ltr'><strong><em>aaut·</em></strong></span> 
     </span>
     <span class='ocr_line' id='line_1_17' title="bbox 127 1522 253 1573; baseline 0 -2"><span class='ocrx_word' id='word_1_168' title='bbox 127 1522 181 1572; x_wconf 81' lang='lat' dir='ltr'><strong><em>dno</em></strong></span> <span class='ocrx_word' id='word_1_169' title='bbox 200 1526 253 1573; x_wconf 87' lang='lat' dir='ltr'><strong><em>cet.</em></strong></span> 
     </span>
    </p>

    <p class='ocr_par' dir='ltr' id='par_1_4' title="bbox 123 1606 1343 2011">
     <span class='ocr_line' id='line_1_18' title="bbox 197 1606 1343 1675; baseline 0.008 -17"><span class='ocrx_word' id='word_1_170' title='bbox 197 1609 239 1660; x_wconf 86' lang='lat' dir='ltr'><strong><em>De</em></strong></span> <span class='ocrx_word' id='word_1_171' title='bbox 256 1608 403 1675; x_wconf 85' lang='lat' dir='ltr'><strong><em>yeminata</em></strong></span> <span class='ocrx_word' id='word_1_172' title='bbox 426 1618 451 1655; x_wconf 82' lang='lat' dir='ltr'><strong><em>s.</em></strong></span> <span class='ocrx_word' id='word_1_173' title='bbox 486 1606 669 1669; x_wconf 74' lang='lat' dir='ltr'><strong><em>Syemiaata</em></strong></span> <span class='ocrx_word' id='word_1_174' title='bbox 686 1606 868 1668; x_wconf 79' lang='lat' dir='ltr'><strong><em>corispiciinr</em></strong></span> <span class='ocrx_word' id='word_1_175' title='bbox 889 1608 1139 1673; x_wconf 71' lang='lat' dir='ltr'><strong><em>inaestimatae,</em></strong></span> <span class='ocrx_word' id='word_1_176' title='bbox 1164 1612 1241 1661; x_wconf 78' lang='lat' dir='ltr'><strong><em>bissi</em></strong></span> <span class='ocrx_word' id='word_1_177' title='bbox 1253 1613 1343 1675; x_wconf 83' lang='lat' dir='ltr'><strong><em>jace-</em></strong></span> 
     </span>
     <span class='ocr_line' id='line_1_19' title="bbox 126 1682 1342 1760; baseline 0.002 -15"><span class='ocrx_word' id='word_1_178' title='bbox 126 1696 184 1760; x_wconf 87' lang='lat' dir='ltr'><strong><em>nis,</em></strong></span> <span class='ocrx_word' id='word_1_179' title='bbox 201 1688 318 1755; x_wconf 84' lang='lat' dir='ltr'><strong><em>missjan</em></strong></span> <span class='ocrx_word' id='word_1_180' title='bbox 337 1701 442 1741; x_wconf 85' lang='lat' dir='ltr'><strong><em>errare</em></strong></span> <span class='ocrx_word' id='word_1_181' title='bbox 460 1692 493 1748; x_wconf 88' lang='lat' dir='ltr'><strong><em>(a</em></strong></span> <span class='ocrx_word' id='word_1_182' title='bbox 510 1682 654 1754; x_wconf 64' lang='lat' dir='ltr'><strong><em>midso‘s&#39;),</em></strong></span> <span class='ocrx_word' id='word_1_183' title='bbox 673 1702 776 1739; x_wconf 84' lang='lat' dir='ltr'><strong><em>cossas</em></strong></span> <span class='ocrx_word' id='word_1_184' title='bbox 794 1692 915 1749; x_wconf 82' lang='lat' dir='ltr'><strong><em>osceela,·</em></strong></span> <span class='ocrx_word' id='word_1_185' title='bbox 942 1695 1032 1743; x_wconf 89' lang='lat' dir='ltr'><strong><em>aliam</em></strong></span> <span class='ocrx_word' id='word_1_186' title='bbox 1048 1697 1189 1759; x_wconf 88' lang='lat' dir='ltr'><strong><em>oriylnem</em></strong></span> <span class='ocrx_word' id='word_1_187' title='bbox 1208 1697 1292 1747; x_wconf 80' lang='lat' dir='ltr'><strong><em>beebet</em></strong></span> <span class='ocrx_word' id='word_1_188' title='bbox 1311 1714 1342 1747; x_wconf 83' lang='lat' dir='ltr'><strong><em>ns</em></strong></span> 
     </span>
     <span class='ocr_line' id='line_1_20' title="bbox 125 1770 1343 1843; baseline 0 -13"><span class='ocrx_word' id='word_1_189' title='bbox 125 1781 157 1831; x_wconf 88' lang='lat' dir='ltr'><strong><em>in</em></strong></span> <span class='ocrx_word' id='word_1_190' title='bbox 175 1774 305 1840; x_wconf 80' lang='lat' dir='ltr'><strong><em>bitssjnn,</em></strong></span> <span class='ocrx_word' id='word_1_191' title='bbox 322 1771 432 1840; x_wconf 79' lang='lat' dir='ltr'><strong><em>llsana,</em></strong></span> <span class='ocrx_word' id='word_1_192' title='bbox 450 1770 585 1836; x_wconf 69' lang='lat' dir='ltr'><strong><em>blissjnm</em></strong></span> <span class='ocrx_word' id='word_1_193' title='bbox 601 1776 708 1837; x_wconf 79' lang='lat' dir='ltr'><strong><em>yreippe</em></strong></span> <span class='ocrx_word' id='word_1_194' title='bbox 725 1787 799 1838; x_wconf 78' lang='lat' dir='ltr'><strong><em>anae</em></strong></span> <span class='ocrx_word' id='word_1_195' title='bbox 816 1789 901 1827; x_wconf 84' lang='lat' dir='ltr'><strong><em>voces</em></strong></span> <span class='ocrx_word' id='word_1_196' title='bbox 914 1790 952 1827; x_wconf 77' lang='lat' dir='ltr'><strong><em>es</em></strong></span> <span class='ocrx_word' id='word_1_197' title='bbox 968 1774 1101 1843; x_wconf 79' lang='lat' dir='ltr'><strong><em>bildsjnn,</em></strong></span> <span class='ocrx_word' id='word_1_198' title='bbox 1118 1776 1233 1842; x_wconf 82' lang='lat' dir='ltr'><strong><em>llbsjno,</em></strong></span> <span class='ocrx_word' id='word_1_199' title='bbox 1250 1783 1343 1831; x_wconf 77' lang='lat' dir='ltr'><strong><em>bibis-</em></strong></span> 
     </span>
     <span class='ocr_line' id='line_1_21' title="bbox 123 1854 1343 1927; baseline 0.004 -15"><span class='ocrx_word' id='word_1_200' title='bbox 123 1860 173 1927; x_wconf 82' lang='lat' dir='ltr'><strong><em>jso</em></strong></span> <span class='ocrx_word' id='word_1_201' title='bbox 192 1862 239 1913; x_wconf 88' lang='lat' dir='ltr'><strong><em>ael</em></strong></span> <span class='ocrx_word' id='word_1_202' title='bbox 257 1855 380 1923; x_wconf 75' lang='lat' dir='ltr'><strong><em>bibisjao</em></strong></span> <span class='ocrx_word' id='word_1_203' title='bbox 398 1857 454 1921; x_wconf 76' lang='lat' dir='ltr'><strong><em>(cf.</em></strong></span> <span class='ocrx_word' id='word_1_204' title='bbox 473 1854 582 1916; x_wconf 84' lang='lat' dir='ltr'><strong><em>bibino)</em></strong></span> <span class='ocrx_word' id='word_1_205' title='bbox 602 1860 686 1908; x_wconf 87' lang='lat' dir='ltr'><strong><em>ortae</em></strong></span> <span class='ocrx_word' id='word_1_206' title='bbox 703 1862 779 1910; x_wconf 78' lang='lat' dir='ltr'><strong><em>sarit.</em></strong></span> <span class='ocrx_word' id='word_1_207' title='bbox 829 1859 864 1909; x_wconf 84' lang='lat' dir='ltr'><strong><em>ln</em></strong></span> <span class='ocrx_word' id='word_1_208' title='bbox 881 1861 974 1924; x_wconf 72' lang='lat' dir='ltr'><strong><em>trisse,</em></strong></span> <span class='ocrx_word' id='word_1_209' title='bbox 990 1863 1068 1911; x_wconf 83' lang='lat' dir='ltr'><strong><em>liissn</em></strong></span> <span class='ocrx_word' id='word_1_210' title='bbox 1094 1876 1125 1911; x_wconf 85' lang='lat' dir='ltr'><strong><em>ss</em></strong></span> <span class='ocrx_word' id='word_1_211' title='bbox 1144 1876 1181 1913; x_wconf 81' lang='lat' dir='ltr'><strong><em>eo</em></strong></span> <span class='ocrx_word' id='word_1_212' title='bbox 1200 1878 1230 1913; x_wconf 85' lang='lat' dir='ltr'><strong><em>ss</em></strong></span> <span class='ocrx_word' id='word_1_213' title='bbox 1247 1869 1343 1917; x_wconf 87' lang='lat' dir='ltr'><strong><em>oritnr</em></strong></span> 
     </span>
     <span class='ocr_line' id='line_1_22' title="bbox 127 1941 844 2011; baseline -0.006 -16"><span class='ocrx_word' id='word_1_214' title='bbox 127 1947 244 2011; x_wconf 73' lang='lat' dir='ltr'><strong><em>(pisces,</em></strong></span> <span class='ocrx_word' id='word_1_215' title='bbox 261 1944 363 2006; x_wconf 73' lang='lat' dir='ltr'><strong><em>lists),</em></strong></span> <span class='ocrx_word' id='word_1_216' title='bbox 382 1945 410 1993; x_wconf 87' lang='lat' dir='ltr'><strong><em>et</em></strong></span> <span class='ocrx_word' id='word_1_217' title='bbox 424 1944 455 1993; x_wconf 90' lang='lat' dir='ltr'><strong><em>in</em></strong></span> <span class='ocrx_word' id='word_1_218' title='bbox 475 1941 603 1992; x_wconf 77' lang='lat' dir='ltr'><strong><em>visseco</em></strong></span> <span class='ocrx_word' id='word_1_219' title='bbox 622 1942 706 2005; x_wconf 76' lang='lat' dir='ltr'><strong><em>vittis,</em></strong></span> <span class='ocrx_word' id='word_1_220' title='bbox 724 1957 743 1992; x_wconf 91' lang='lat' dir='ltr'><strong><em>a</em></strong></span> <span class='ocrx_word' id='word_1_221' title='bbox 760 1942 844 1992; x_wconf 82' lang='lat' dir='ltr'><strong><em>riino.</em></strong></span> 
     </span>
    </p>

    <p class='ocr_par' dir='ltr' id='par_1_5' title="bbox 127 2025 1344 2432">
     <span class='ocr_line' id='line_1_23' title="bbox 194 2025 1342 2096; baseline 0.003 -17"><span class='ocrx_word' id='word_1_222' title='bbox 194 2030 238 2079; x_wconf 83' lang='lat' dir='ltr'><strong><em>lie</em></strong></span> <span class='ocrx_word' id='word_1_223' title='bbox 254 2027 407 2091; x_wconf 78' lang='lat' dir='ltr'><strong><em>jeresctnrls</em></strong></span> <span class='ocrx_word' id='word_1_224' title='bbox 431 2038 474 2089; x_wconf 85' lang='lat' dir='ltr'><strong><em>so,</em></strong></span> <span class='ocrx_word' id='word_1_225' title='bbox 490 2037 550 2088; x_wconf 85' lang='lat' dir='ltr'><strong><em>sor,</em></strong></span> <span class='ocrx_word' id='word_1_226' title='bbox 566 2025 601 2087; x_wconf 87' lang='lat' dir='ltr'><strong><em>st,</em></strong></span> <span class='ocrx_word' id='word_1_227' title='bbox 620 2038 669 2086; x_wconf 77' lang='lat' dir='ltr'><strong><em>san,</em></strong></span> <span class='ocrx_word' id='word_1_228' title='bbox 688 2038 731 2089; x_wconf 84' lang='lat' dir='ltr'><strong><em>so,</em></strong></span> <span class='ocrx_word' id='word_1_229' title='bbox 750 2041 793 2092; x_wconf 87' lang='lat' dir='ltr'><strong><em>sp,</em></strong></span> <span class='ocrx_word' id='word_1_230' title='bbox 810 2041 869 2090; x_wconf 80' lang='lat' dir='ltr'><strong><em>syr,</em></strong></span> <span class='ocrx_word' id='word_1_231' title='bbox 886 2032 923 2091; x_wconf 86' lang='lat' dir='ltr'><strong><em>si,</em></strong></span> <span class='ocrx_word' id='word_1_232' title='bbox 941 2034 993 2093; x_wconf 80' lang='lat' dir='ltr'><strong><em>sir,</em></strong></span> <span class='ocrx_word' id='word_1_233' title='bbox 1011 2043 1045 2077; x_wconf 80' lang='grc' dir='ltr'><strong><em>ιν</em></strong></span> <span class='ocrx_word' id='word_1_234' title='bbox 1068 2031 1098 2079; x_wconf 91' lang='lat' dir='ltr'><strong><em>in</em></strong></span> <span class='ocrx_word' id='word_1_235' title='bbox 1125 2043 1228 2080; x_wconf 79' lang='lat' dir='ltr'><strong><em>oaorem</em></strong></span> <span class='ocrx_word' id='word_1_236' title='bbox 1246 2035 1342 2096; x_wconf 87' lang='lat' dir='ltr'><strong><em>capite</em></strong></span> 
     </span>
     <span class='ocr_line' id='line_1_24' title="bbox 127 2109 1344 2177; baseline 0.002 -13"><span class='ocrx_word' id='word_1_237' title='bbox 127 2115 202 2165; x_wconf 79' lang='lat' dir='ltr'><strong><em>nitit</em></strong></span> <span class='ocrx_word' id='word_1_238' title='bbox 218 2110 425 2177; x_wconf 74' lang='lat' dir='ltr'><strong><em>proterendum</em></strong></span> <span class='ocrx_word' id='word_1_239' title='bbox 444 2112 501 2167; x_wconf 87' lang='lat' dir='ltr'><strong><em>est,·</em></strong></span> <span class='ocrx_word' id='word_1_240' title='bbox 521 2109 667 2159; x_wconf 88' lang='lat' dir='ltr'><strong><em>mediisin</em></strong></span> <span class='ocrx_word' id='word_1_241' title='bbox 682 2110 801 2161; x_wconf 80' lang='lat' dir='ltr'><strong><em>vocibus</em></strong></span> <span class='ocrx_word' id='word_1_242' title='bbox 820 2114 904 2177; x_wconf 80' lang='lat' dir='ltr'><strong><em>inane</em></strong></span> <span class='ocrx_word' id='word_1_243' title='bbox 921 2125 1020 2162; x_wconf 89' lang='lat' dir='ltr'><strong><em>eornm</em></strong></span> <span class='ocrx_word' id='word_1_244' title='bbox 1035 2111 1093 2177; x_wconf 75' lang='lat' dir='ltr'><strong><em>pisse</em></strong></span> <span class='ocrx_word' id='word_1_245' title='bbox 1109 2125 1150 2174; x_wconf 86' lang='lat' dir='ltr'><strong><em>sc,</em></strong></span> <span class='ocrx_word' id='word_1_246' title='bbox 1170 2128 1213 2175; x_wconf 84' lang='lat' dir='ltr'><strong><em>sp,</em></strong></span> <span class='ocrx_word' id='word_1_247' title='bbox 1232 2121 1259 2163; x_wconf 86' lang='lat' dir='ltr'><strong><em>st</em></strong></span> <span class='ocrx_word' id='word_1_248' title='bbox 1277 2117 1344 2166; x_wconf 89' lang='lat' dir='ltr'><strong><em>lan-</em></strong></span> 
     </span>
     <span class='ocr_line' id='line_1_25' title="bbox 127 2193 1344 2261; baseline 0.001 -10"><span class='ocrx_word' id='word_1_249' title='bbox 127 2201 187 2251; x_wconf 87' lang='lat' dir='ltr'><strong><em>tnm</em></strong></span> <span class='ocrx_word' id='word_1_250' title='bbox 204 2196 372 2257; x_wconf 83' lang='lat' dir='ltr'><strong><em>oocrrrrnnt,</em></strong></span> <span class='ocrx_word' id='word_1_251' title='bbox 392 2194 444 2258; x_wconf 80' lang='lat' dir='ltr'><strong><em>(st,</em></strong></span> <span class='ocrx_word' id='word_1_252' title='bbox 463 2206 507 2257; x_wconf 88' lang='grc' dir='ltr'><strong><em>ιι,</em></strong></span> <span class='ocrx_word' id='word_1_253' title='bbox 526 2206 559 2241; x_wconf 82' lang='grc' dir='ltr'><strong><em>ιι</em></strong></span> <span class='ocrx_word' id='word_1_254' title='bbox 576 2204 633 2256; x_wconf 80' lang='lat' dir='ltr'><strong><em>pro</em></strong></span> <span class='ocrx_word' id='word_1_255' title='bbox 652 2193 702 2259; x_wconf 87' lang='lat' dir='ltr'><strong><em>s-l‚</em></strong></span> <span class='ocrx_word' id='word_1_256' title='bbox 720 2207 779 2258; x_wconf 86' lang='lat' dir='ltr'><strong><em>s-o‚</em></strong></span> <span class='ocrx_word' id='word_1_257' title='bbox 796 2210 844 2245; x_wconf 88' lang='lat' dir='ltr'><strong><em>s-v</em></strong></span> <span class='ocrx_word' id='word_1_258' title='bbox 862 2200 979 2260; x_wconf 90' lang='lat' dir='ltr'><strong><em>positae</em></strong></span> <span class='ocrx_word' id='word_1_259' title='bbox 996 2202 1078 2261; x_wconf 73' lang='lat' dir='ltr'><strong><em>steret)</em></strong></span> <span class='ocrx_word' id='word_1_260' title='bbox 1097 2200 1131 2247; x_wconf 87' lang='lat' dir='ltr'><strong><em>de</em></strong></span> <span class='ocrx_word' id='word_1_261' title='bbox 1148 2199 1250 2261; x_wconf 75' lang='lat' dir='ltr'><strong><em>peribas</em></strong></span> <span class='ocrx_word' id='word_1_262' title='bbox 1266 2214 1298 2249; x_wconf 84' lang='lat' dir='ltr'><strong><em>so</em></strong></span> <span class='ocrx_word' id='word_1_263' title='bbox 1316 2204 1344 2252; x_wconf 93' lang='lat' dir='ltr'><strong><em>et</em></strong></span> 
     </span>
     <span class='ocr_line' id='line_1_26' title="bbox 127 2278 1343 2349; baseline 0 -16"><span class='ocrx_word' id='word_1_264' title='bbox 127 2296 160 2346; x_wconf 81' lang='lat' dir='ltr'><strong><em>sp</em></strong></span> <span class='ocrx_word' id='word_1_265' title='bbox 177 2284 210 2333; x_wconf 83' lang='lat' dir='ltr'><strong><em>at</em></strong></span> <span class='ocrx_word' id='word_1_266' title='bbox 220 2281 287 2346; x_wconf 84' lang='lat' dir='ltr'><strong><em>jam</em></strong></span> <span class='ocrx_word' id='word_1_267' title='bbox 304 2281 411 2330; x_wconf 87' lang='lat' dir='ltr'><strong><em>dictam</em></strong></span> <span class='ocrx_word' id='word_1_268' title='bbox 426 2278 479 2344; x_wconf 87' lang='lat' dir='ltr'><strong><em>esl,</em></strong></span> <span class='ocrx_word' id='word_1_269' title='bbox 495 2280 607 2341; x_wconf 84' lang='lat' dir='ltr'><strong><em>passim</em></strong></span> <span class='ocrx_word' id='word_1_270' title='bbox 625 2279 655 2327; x_wconf 87' lang='lat' dir='ltr'><strong><em>in</em></strong></span> <span class='ocrx_word' id='word_1_271' title='bbox 674 2291 706 2327; x_wconf 84' lang='lat' dir='ltr'><strong><em>ss</em></strong></span> <span class='ocrx_word' id='word_1_272' title='bbox 723 2282 752 2330; x_wconf 88' lang='lat' dir='ltr'><strong><em>el</em></strong></span> <span class='ocrx_word' id='word_1_273' title='bbox 767 2293 800 2341; x_wconf 83' lang='lat' dir='ltr'><strong><em>ps</em></strong></span> <span class='ocrx_word' id='word_1_274' title='bbox 818 2282 984 2341; x_wconf 79' lang='lat' dir='ltr'><strong><em>arntantnr,</em></strong></span> <span class='ocrx_word' id='word_1_275' title='bbox 1003 2296 1026 2332; x_wconf 88' lang='lat' dir='ltr'><strong><em>e.</em></strong></span> <span class='ocrx_word' id='word_1_276' title='bbox 1042 2294 1089 2345; x_wconf 85' lang='lat' dir='ltr'><strong><em>yr.</em></strong></span> <span class='ocrx_word' id='word_1_277' title='bbox 1108 2284 1177 2331; x_wconf 76' lang='lat' dir='ltr'><strong><em>liucs</em></strong></span> <span class='ocrx_word' id='word_1_278' title='bbox 1192 2296 1248 2347; x_wconf 87' lang='lat' dir='ltr'><strong><em>pro</em></strong></span> <span class='ocrx_word' id='word_1_279' title='bbox 1265 2286 1343 2349; x_wconf 76' lang='lat' dir='ltr'><strong><em>irasc,</em></strong></span> 
     </span>
     <span class='ocr_line' id='line_1_27' title="bbox 128 2358 1084 2432; baseline -0.001 -14"><span class='ocrx_word' id='word_1_280' title='bbox 128 2381 197 2431; x_wconf 82' lang='lat' dir='ltr'><strong><em>caps</em></strong></span> <span class='ocrx_word' id='word_1_281' title='bbox 213 2380 270 2432; x_wconf 87' lang='lat' dir='ltr'><strong><em>pro</em></strong></span> <span class='ocrx_word' id='word_1_282' title='bbox 293 2377 373 2428; x_wconf 88' lang='lat' dir='ltr'><strong><em>cosp,</em></strong></span> <span class='ocrx_word' id='word_1_283' title='bbox 392 2358 511 2428; x_wconf 75' lang='lat' dir='ltr'><strong><em>nnexjnn</em></strong></span> <span class='ocrx_word' id='word_1_284' title='bbox 527 2375 583 2426; x_wconf 89' lang='lat' dir='ltr'><strong><em>pro</em></strong></span> <span class='ocrx_word' id='word_1_285' title='bbox 602 2359 749 2429; x_wconf 72' lang='lat' dir='ltr'><strong><em>bannajas,</em></strong></span> <span class='ocrx_word' id='word_1_286' title='bbox 768 2364 839 2426; x_wconf 80' lang='lat' dir='ltr'><strong><em>stips</em></strong></span> <span class='ocrx_word' id='word_1_287' title='bbox 855 2379 910 2430; x_wconf 85' lang='lat' dir='ltr'><strong><em>pro</em></strong></span> <span class='ocrx_word' id='word_1_288' title='bbox 929 2366 1012 2430; x_wconf 84' lang='lat' dir='ltr'><strong><em>vlisp,</em></strong></span> <span class='ocrx_word' id='word_1_289' title='bbox 1031 2369 1084 2417; x_wconf 87' lang='lat' dir='ltr'><strong><em>cet.</em></strong></span> 
     </span>
    </p>
   </div>
   <div class='ocr_carea' id='block_1_3' title="bbox 289 2528 1185 2726">
    <p class='ocr_par' dir='ltr' id='par_1_6' title="bbox 289 2528 1185 2726">
     <span class='ocr_line' id='line_1_28' title="bbox 601 2528 868 2616; baseline 0.011 -23"><span class='ocrx_word' id='word_1_290' title='bbox 601 2528 697 2615; x_wconf 81' lang='lat' dir='ltr'><strong><em>Capul</em></strong></span> <span class='ocrx_word' id='word_1_291' title='bbox 720 2542 868 2616; x_wconf 83' lang='lat' dir='ltr'><strong><em>quartam.</em></strong></span> 
     </span>
     <span class='ocr_line' id='line_1_29' title="bbox 289 2652 1185 2726; baseline 0.006 -5"><span class='ocrx_word' id='word_1_292' title='bbox 289 2654 349 2722; x_wconf 87' lang='lat' dir='ltr'><strong><em>De</em></strong></span> <span class='ocrx_word' id='word_1_293' title='bbox 374 2653 558 2721; x_wconf 78' lang='lat' dir='ltr'><strong><em>norninnm</em></strong></span> <span class='ocrx_word' id='word_1_294' title='bbox 585 2652 901 2723; x_wconf 77' lang='lat' dir='ltr'><strong><em>substantivorum</em></strong></span> <span class='ocrx_word' id='word_1_295' title='bbox 928 2656 1185 2726; x_wconf 66' lang='lat' dir='ltr'><strong><em>declinatione.</em></strong></span> 
     </span>
    </p>
   </div>
   <div class='ocr_carea' id='block_1_4' title="bbox 117 2782 1347 4537">
    <p class='ocr_par' dir='ltr' id='par_1_7' title="bbox 127 2782 1345 3019">
     <span class='ocr_line' id='line_1_30' title="bbox 194 2782 1343 2856; baseline 0.003 -19"><span class='ocrx_word' id='word_1_296' title='bbox 194 2792 217 2847; x_wconf 74' lang='grc'><em>3</em></span> <span class='ocrx_word' id='word_1_297' title='bbox 237 2788 259 2839; x_wconf 90' lang='grc'><strong><em>1.</em></strong></span> <span class='ocrx_word' id='word_1_298' title='bbox 294 2786 413 2850; x_wconf 72' lang='grc' dir='ltr'><strong><em>Βιηιῑωι</em></strong></span> <span class='ocrx_word' id='word_1_299' title='bbox 431 2782 613 2833; x_wconf 82' lang='lat' dir='ltr'><strong><em>substantiva</em></strong></span> <span class='ocrx_word' id='word_1_300' title='bbox 632 2784 797 2837; x_wconf 87' lang='lat' dir='ltr'><strong><em>declinandi</em></strong></span> <span class='ocrx_word' id='word_1_301' title='bbox 814 2788 915 2837; x_wconf 74' lang='lat' dir='ltr'><strong><em>moden</em></strong></span> <span class='ocrx_word' id='word_1_302' title='bbox 934 2791 963 2838; x_wconf 85' lang='lat' dir='ltr'><strong><em>in</em></strong></span> <span class='ocrx_word' id='word_1_303' title='bbox 976 2788 1215 2853; x_wconf 76' lang='lat' dir='ltr'><strong><em>Anylosaxonico</em></strong></span> <span class='ocrx_word' id='word_1_304' title='bbox 1233 2792 1343 2856; x_wconf 86' lang='lat' dir='ltr'><strong><em>linyna,</em></strong></span> 
     </span>
     <span class='ocr_line' id='line_1_31' title="bbox 127 2869 1345 2938; baseline 0 -12"><span class='ocrx_word' id='word_1_305' title='bbox 127 2876 216 2926; x_wconf 73' lang='lat' dir='ltr'><strong><em>denti</em></strong></span> <span class='ocrx_word' id='word_1_306' title='bbox 233 2876 264 2923; x_wconf 92' lang='lat' dir='ltr'><strong><em>in</em></strong></span> <span class='ocrx_word' id='word_1_307' title='bbox 279 2872 384 2923; x_wconf 87' lang='lat' dir='ltr'><strong><em>ceteris</em></strong></span> <span class='ocrx_word' id='word_1_308' title='bbox 404 2869 579 2919; x_wconf 79' lang='lat' dir='ltr'><strong><em>Germaniae</em></strong></span> <span class='ocrx_word' id='word_1_309' title='bbox 596 2869 750 2934; x_wconf 74' lang='lat' dir='ltr'><strong><em>dialectis,</em></strong></span> <span class='ocrx_word' id='word_1_310' title='bbox 768 2874 964 2937; x_wconf 70' lang='lat' dir='ltr'><strong><em>conspicitur,</em></strong></span> <span class='ocrx_word' id='word_1_311' title='bbox 988 2886 1109 2938; x_wconf 80' lang='lat' dir='ltr'><strong><em>qreornm</em></strong></span> <span class='ocrx_word' id='word_1_312' title='bbox 1127 2889 1200 2925; x_wconf 77' lang='lat' dir='ltr'><strong><em>anm</em></strong></span> <span class='ocrx_word' id='word_1_313' title='bbox 1217 2879 1345 2938; x_wconf 89' lang='lat' dir='ltr'><strong><em>potior</em></strong></span> 
     </span>
     <span class='ocr_line' id='line_1_32' title="bbox 128 2955 830 3019; baseline -0.004 -9"><span class='ocrx_word' id='word_1_314' title='bbox 128 2973 178 3010; x_wconf 79' lang='lat' dir='ltr'><strong><em>sen</em></strong></span> <span class='ocrx_word' id='word_1_315' title='bbox 194 2956 349 3019; x_wconf 70' lang='lat' dir='ltr'><strong><em>(ortior,</em></strong></span> <span class='ocrx_word' id='word_1_316' title='bbox 369 2955 446 3006; x_wconf 87' lang='lat' dir='ltr'><strong><em>alter</em></strong></span> <span class='ocrx_word' id='word_1_317' title='bbox 464 2955 617 3016; x_wconf 69' lang='lat' dir='ltr'><strong><em>seditior</em></strong></span> <span class='ocrx_word' id='word_1_318' title='bbox 635 2956 830 3018; x_wconf 83' lang='lat' dir='ltr'><strong><em>renncapolnr.</em></strong></span> 
     </span>
    </p>

    <p class='ocr_par' dir='ltr' id='par_1_8' title="bbox 125 3037 1346 3689">
     <span class='ocr_line' id='line_1_33' title="bbox 194 3037 1344 3107; baseline 0.003 -18"><span class='ocrx_word' id='word_1_319' title='bbox 194 3046 217 3101; x_wconf 72' lang='grc'><em>3</em></span> <span class='ocrx_word' id='word_1_320' title='bbox 235 3042 260 3092; x_wconf 79' lang='lat' dir='ltr'><strong><em>t.</em></strong></span> <span class='ocrx_word' id='word_1_321' title='bbox 297 3040 399 3089; x_wconf 87' lang='lat' dir='ltr'><strong><em>Potior</em></strong></span> <span class='ocrx_word' id='word_1_322' title='bbox 416 3040 560 3089; x_wconf 89' lang='lat' dir='ltr'><strong><em>nominom</em></strong></span> <span class='ocrx_word' id='word_1_323' title='bbox 574 3037 821 3091; x_wconf 69' lang='lat' dir='ltr'><strong><em>susbstantioornm</em></strong></span> <span class='ocrx_word' id='word_1_324' title='bbox 836 3042 994 3092; x_wconf 81' lang='lat' dir='ltr'><strong><em>declinatio</em></strong></span> <span class='ocrx_word' id='word_1_325' title='bbox 1012 3055 1047 3092; x_wconf 85' lang='lat' dir='ltr'><strong><em>ea</em></strong></span> <span class='ocrx_word' id='word_1_326' title='bbox 1063 3044 1242 3106; x_wconf 82' lang='lat' dir='ltr'><strong><em>appellabar,</em></strong></span> <span class='ocrx_word' id='word_1_327' title='bbox 1260 3044 1344 3107; x_wconf 84' lang='lat' dir='ltr'><strong><em>cnjns</em></strong></span> 
     </span>
     <span class='ocr_line' id='line_1_34' title="bbox 128 3122 1345 3203; baseline 0.001 -25"><span class='ocrx_word' id='word_1_328' title='bbox 128 3139 247 3179; x_wconf 89' lang='lat' dir='ltr'><strong><em>casnnm</em></strong></span> <span class='ocrx_word' id='word_1_329' title='bbox 263 3125 406 3197; x_wconf 74' lang='lat' dir='ltr'><strong><em>flexiones</em></strong></span> <span class='ocrx_word' id='word_1_330' title='bbox 426 3122 545 3203; x_wconf 58' lang='lat' dir='ltr'><strong><em>themati</em></strong></span> <span class='ocrx_word' id='word_1_331' title='bbox 563 3134 666 3191; x_wconf 79' lang='lat' dir='ltr'><strong><em>nocam</em></strong></span> <span class='ocrx_word' id='word_1_332' title='bbox 684 3123 885 3190; x_wconf 75' lang='lat' dir='ltr'><strong><em>adjeenynntnr,</em></strong></span> <span class='ocrx_word' id='word_1_333' title='bbox 900 3127 953 3189; x_wconf 91' lang='lat' dir='ltr'><strong><em>ita,</em></strong></span> <span class='ocrx_word' id='word_1_334' title='bbox 971 3128 1003 3176; x_wconf 91' lang='lat' dir='ltr'><strong><em>nl</em></strong></span> <span class='ocrx_word' id='word_1_335' title='bbox 1014 3127 1096 3175; x_wconf 72' lang='lat' dir='ltr'><strong><em>perella</em></strong></span> <span class='ocrx_word' id='word_1_336' title='bbox 1114 3129 1176 3176; x_wconf 75' lang='lat' dir='ltr'><strong><em>alisi</em></strong></span> <span class='ocrx_word' id='word_1_337' title='bbox 1189 3129 1229 3175; x_wconf 79' lang='lat' dir='ltr'><strong><em>red</em></strong></span> <span class='ocrx_word' id='word_1_338' title='bbox 1237 3130 1345 3191; x_wconf 78' lang='lat' dir='ltr'><strong><em>sterio-</em></strong></span> 
     </span>
     <span class='ocr_line' id='line_1_35' title="bbox 127 3200 1344 3277; baseline 0 -16"><span class='ocrx_word' id='word_1_339' title='bbox 127 3226 190 3263; x_wconf 88' lang='lat' dir='ltr'><strong><em>nem</em></strong></span> <span class='ocrx_word' id='word_1_340' title='bbox 206 3212 353 3275; x_wconf 87' lang='lat' dir='ltr'><strong><em>pertinens</em></strong></span> <span class='ocrx_word' id='word_1_341' title='bbox 366 3206 489 3271; x_wconf 71' lang='lat' dir='ltr'><strong><em>,syllaba</em></strong></span> <span class='ocrx_word' id='word_1_342' title='bbox 506 3207 676 3277; x_wconf 69' lang='lat' dir='ltr'><strong><em>intercedat.</em></strong></span> <span class='ocrx_word' id='word_1_343' title='bbox 712 3200 845 3260; x_wconf 80' lang='lat' dir='ltr'><strong><em>Nonsinis</em></strong></span> <span class='ocrx_word' id='word_1_344' title='bbox 863 3209 957 3260; x_wconf 80' lang='lat' dir='ltr'><strong><em>tlsema</em></strong></span> <span class='ocrx_word' id='word_1_345' title='bbox 980 3223 1044 3260; x_wconf 89' lang='lat' dir='ltr'><strong><em>enm</em></strong></span> <span class='ocrx_word' id='word_1_346' title='bbox 1062 3214 1241 3260; x_wconf 84' lang='lat' dir='ltr'><strong><em>nominomns</em></strong></span> <span class='ocrx_word' id='word_1_347' title='bbox 1263 3215 1344 3261; x_wconf 87' lang='lat' dir='ltr'><strong><em>vocis</em></strong></span> 
     </span>
     <span class='ocr_line' id='line_1_36' title="bbox 125 3288 1342 3360; baseline -0.002 -13"><span class='ocrx_word' id='word_1_348' title='bbox 125 3296 268 3359; x_wconf 72' lang='lat' dir='ltr'><strong><em>foratam,</em></strong></span> <span class='ocrx_word' id='word_1_349' title='bbox 290 3306 347 3357; x_wconf 80' lang='lat' dir='ltr'><strong><em>qna</em></strong></span> <span class='ocrx_word' id='word_1_350' title='bbox 366 3306 465 3342; x_wconf 90' lang='lat' dir='ltr'><strong><em>nomen</em></strong></span> <span class='ocrx_word' id='word_1_351' title='bbox 484 3303 522 3341; x_wconf 77' lang='lat' dir='ltr'><strong><em>eo</em></strong></span> <span class='ocrx_word' id='word_1_352' title='bbox 540 3292 642 3341; x_wconf 84' lang='lat' dir='ltr'><strong><em>radice</em></strong></span> <span class='ocrx_word' id='word_1_353' title='bbox 660 3288 803 3355; x_wconf 77' lang='lat' dir='ltr'><strong><em>efficitur,</em></strong></span> <span class='ocrx_word' id='word_1_354' title='bbox 828 3294 914 3357; x_wconf 82' lang='lat' dir='ltr'><strong><em>ldqne</em></strong></span> <span class='ocrx_word' id='word_1_355' title='bbox 933 3295 1074 3360; x_wconf 72' lang='lat' dir='ltr'><strong><em>simplex,</em></strong></span> <span class='ocrx_word' id='word_1_356' title='bbox 1102 3298 1130 3345; x_wconf 88' lang='lat' dir='ltr'><strong><em>sl</em></strong></span> <span class='ocrx_word' id='word_1_357' title='bbox 1149 3296 1342 3345; x_wconf 73' lang='lat' dir='ltr'><strong><em>derivationis</em></strong></span> 
     </span>
     <span class='ocr_line' id='line_1_37' title="bbox 128 3376 1346 3445; baseline 0 -16"><span class='ocrx_word' id='word_1_358' title='bbox 128 3380 249 3445; x_wconf 74' lang='lat' dir='ltr'><strong><em>syllabis</em></strong></span> <span class='ocrx_word' id='word_1_359' title='bbox 265 3380 355 3428; x_wconf 86' lang='lat' dir='ltr'><strong><em>caret.</em></strong></span> <span class='ocrx_word' id='word_1_360' title='bbox 393 3376 496 3427; x_wconf 82' lang='lat' dir='ltr'><strong><em>Omnia</em></strong></span> <span class='ocrx_word' id='word_1_361' title='bbox 515 3376 587 3426; x_wconf 82' lang='lat' dir='ltr'><strong><em>isaeo</em></strong></span> <span class='ocrx_word' id='word_1_362' title='bbox 604 3377 747 3424; x_wconf 81' lang='lat' dir='ltr'><strong><em>nominem</em></strong></span> <span class='ocrx_word' id='word_1_363' title='bbox 766 3376 893 3428; x_wconf 87' lang='lat' dir='ltr'><strong><em>tbemata</em></strong></span> <span class='ocrx_word' id='word_1_364' title='bbox 913 3382 1074 3443; x_wconf 82' lang='lat' dir='ltr'><strong><em>antiqnitns</em></strong></span> <span class='ocrx_word' id='word_1_365' title='bbox 1095 3383 1126 3430; x_wconf 90' lang='lat' dir='ltr'><strong><em>in</em></strong></span> <span class='ocrx_word' id='word_1_366' title='bbox 1149 3380 1277 3429; x_wconf 73' lang='lat' dir='ltr'><strong><em>vocalem</em></strong></span> <span class='ocrx_word' id='word_1_367' title='bbox 1297 3382 1346 3429; x_wconf 90' lang='lat' dir='ltr'><strong><em>de·</em></strong></span> 
     </span>
     <span class='ocr_line' id='line_1_38' title="bbox 126 3461 1345 3527; baseline -0.002 -11"><span class='ocrx_word' id='word_1_368' title='bbox 126 3467 252 3527; x_wconf 74' lang='lat' dir='ltr'><strong><em>derant,</em></strong></span> <span class='ocrx_word' id='word_1_369' title='bbox 276 3476 347 3527; x_wconf 77' lang='lat' dir='ltr'><strong><em>qnae</em></strong></span> <span class='ocrx_word' id='word_1_370' title='bbox 365 3462 476 3526; x_wconf 77' lang='lat' dir='ltr'><strong><em>qnidam</em></strong></span> <span class='ocrx_word' id='word_1_371' title='bbox 495 3462 610 3510; x_wconf 79' lang='lat' dir='ltr'><strong><em>vocalis</em></strong></span> <span class='ocrx_word' id='word_1_372' title='bbox 626 3461 728 3522; x_wconf 88' lang='lat' dir='ltr'><strong><em>postea</em></strong></span> <span class='ocrx_word' id='word_1_373' title='bbox 748 3473 834 3522; x_wconf 88' lang='lat' dir='ltr'><strong><em>saepe</em></strong></span> <span class='ocrx_word' id='word_1_374' title='bbox 853 3462 971 3513; x_wconf 83' lang='lat' dir='ltr'><strong><em>absciso</em></strong></span> <span class='ocrx_word' id='word_1_375' title='bbox 988 3467 1045 3525; x_wconf 90' lang='lat' dir='ltr'><strong><em>est,</em></strong></span> <span class='ocrx_word' id='word_1_376' title='bbox 1066 3466 1109 3515; x_wconf 90' lang='lat' dir='ltr'><strong><em>ila</em></strong></span> <span class='ocrx_word' id='word_1_377' title='bbox 1128 3466 1161 3513; x_wconf 88' lang='lat' dir='ltr'><strong><em>nl</em></strong></span> <span class='ocrx_word' id='word_1_378' title='bbox 1182 3464 1275 3513; x_wconf 81' lang='lat' dir='ltr'><strong><em>tiemo</em></strong></span> <span class='ocrx_word' id='word_1_379' title='bbox 1294 3478 1345 3513; x_wconf 94' lang='lat' dir='ltr'><strong><em>no·</em></strong></span> 
     </span>
     <span class='ocr_line' id='line_1_39' title="bbox 127 3545 1344 3611; baseline -0.002 -12"><span class='ocrx_word' id='word_1_380' title='bbox 127 3551 234 3600; x_wconf 80' lang='lat' dir='ltr'><strong><em>minam</em></strong></span> <span class='ocrx_word' id='word_1_381' title='bbox 256 3545 521 3608; x_wconf 68' lang='lat' dir='ltr'><strong><em>monosyllabarum</em></strong></span> <span class='ocrx_word' id='word_1_382' title='bbox 543 3546 610 3607; x_wconf 88' lang='lat' dir='ltr'><strong><em>ipsa</em></strong></span> <span class='ocrx_word' id='word_1_383' title='bbox 636 3556 700 3591; x_wconf 89' lang='lat' dir='ltr'><strong><em>com</em></strong></span> <span class='ocrx_word' id='word_1_384' title='bbox 723 3545 825 3593; x_wconf 85' lang='lat' dir='ltr'><strong><em>radice</em></strong></span> <span class='ocrx_word' id='word_1_385' title='bbox 846 3549 1002 3611; x_wconf 88' lang='lat' dir='ltr'><strong><em>conyrnat,</em></strong></span> <span class='ocrx_word' id='word_1_386' title='bbox 1038 3547 1224 3611; x_wconf 84' lang='lat' dir='ltr'><strong><em>polysyllaba</em></strong></span> <span class='ocrx_word' id='word_1_387' title='bbox 1250 3548 1344 3596; x_wconf 86' lang='lat' dir='ltr'><strong><em>antem</em></strong></span> 
     </span>
     <span class='ocr_line' id='line_1_40' title="bbox 126 3628 1149 3689; baseline -0.005 -6"><span class='ocrx_word' id='word_1_388' title='bbox 126 3635 242 3685; x_wconf 79' lang='lat' dir='ltr'><strong><em>noasina</em></strong></span> <span class='ocrx_word' id='word_1_389' title='bbox 260 3631 335 3680; x_wconf 82' lang='lat' dir='ltr'><strong><em>altit</em></strong></span> <span class='ocrx_word' id='word_1_390' title='bbox 351 3632 411 3679; x_wconf 89' lang='lat' dir='ltr'><strong><em>nisi</em></strong></span> <span class='ocrx_word' id='word_1_391' title='bbox 430 3629 591 3678; x_wconf 86' lang='lat' dir='ltr'><strong><em>radicalem</em></strong></span> <span class='ocrx_word' id='word_1_392' title='bbox 609 3630 638 3678; x_wconf 89' lang='lat' dir='ltr'><strong><em>et</em></strong></span> <span class='ocrx_word' id='word_1_393' title='bbox 654 3628 847 3676; x_wconf 81' lang='lat' dir='ltr'><strong><em>derivationis</em></strong></span> <span class='ocrx_word' id='word_1_394' title='bbox 865 3630 995 3689; x_wconf 84' lang='lat' dir='ltr'><strong><em>syllabas</em></strong></span> <span class='ocrx_word' id='word_1_395' title='bbox 1016 3631 1149 3680; x_wconf 86' lang='lat' dir='ltr'><strong><em>babeant.</em></strong></span> 
     </span>
    </p>

    <p class='ocr_par' dir='ltr' id='par_1_9' title="bbox 163 3711 1345 3861">
     <span class='ocr_line' id='line_1_41' title="bbox 163 3711 1345 3777; baseline -0.003 -10"><span class='ocrx_word' id='word_1_396' title='bbox 163 3716 369 3767; x_wconf 81' lang='lat' dir='ltr'><strong><em>Aareotatio.</em></strong></span> <span class='ocrx_word' id='word_1_397' title='bbox 404 3712 545 3773; x_wconf 84' lang='lat' dir='ltr'><strong><em>Nomina,</em></strong></span> <span class='ocrx_word' id='word_1_398' title='bbox 569 3726 641 3777; x_wconf 82' lang='lat' dir='ltr'><strong><em>qseae</em></strong></span> <span class='ocrx_word' id='word_1_399' title='bbox 659 3711 792 3761; x_wconf 83' lang='lat' dir='ltr'><strong><em>tbematis</em></strong></span> <span class='ocrx_word' id='word_1_400' title='bbox 811 3713 940 3761; x_wconf 80' lang='lat' dir='ltr'><strong><em>vocalem</em></strong></span> <span class='ocrx_word' id='word_1_401' title='bbox 957 3715 1174 3763; x_wconf 77' lang='lat' dir='ltr'><strong><em>conservarunt</em></strong></span> <span class='ocrx_word' id='word_1_402' title='bbox 1189 3715 1275 3776; x_wconf 74' lang='lat' dir='ltr'><strong><em>atone</em></strong></span> <span class='ocrx_word' id='word_1_403' title='bbox 1290 3714 1345 3764; x_wconf 82' lang='lat' dir='ltr'><strong><em>lnac</em></strong></span> 
     </span>
     <span class='ocr_line' id='line_1_42' title="bbox 195 3792 1169 3861; baseline -0.008 -10"><span class='ocrx_word' id='word_1_404' title='bbox 195 3814 232 3851; x_wconf 72' lang='lat' dir='ltr'><strong><em>er</em></strong></span> <span class='ocrx_word' id='word_1_405' title='bbox 250 3812 342 3849; x_wconf 81' lang='lat' dir='ltr'><strong><em>caeesa</em></strong></span> <span class='ocrx_word' id='word_1_406' title='bbox 359 3797 543 3861; x_wconf 65' lang='lat' dir='ltr'><strong><em>pentasyllaba</em></strong></span> <span class='ocrx_word' id='word_1_407' title='bbox 559 3800 642 3861; x_wconf 88' lang='lat' dir='ltr'><strong><em>sont,</em></strong></span> <span class='ocrx_word' id='word_1_408' title='bbox 658 3792 838 3856; x_wconf 73' lang='lat' dir='ltr'><strong><em>simplicibus</em></strong></span> <span class='ocrx_word' id='word_1_409' title='bbox 855 3796 1043 3846; x_wconf 81' lang='lat' dir='ltr'><strong><em>adnumerari</em></strong></span> <span class='ocrx_word' id='word_1_410' title='bbox 1062 3795 1169 3847; x_wconf 86' lang='lat' dir='ltr'><strong><em>debent.</em></strong></span> 
     </span>
    </p>

    <p class='ocr_par' dir='ltr' id='par_1_10' title="bbox 117 3879 1347 4537">
     <span class='ocr_line' id='line_1_43' title="bbox 195 3879 1347 3947; baseline -0.003 -14"><span class='ocrx_word' id='word_1_411' title='bbox 195 3888 217 3943; x_wconf 75' lang='grc'><em>3</em></span> <span class='ocrx_word' id='word_1_412' title='bbox 236 3886 251 3933; x_wconf 79' lang='lat' dir='ltr'><strong><em>i</em></strong></span> <span class='ocrx_word' id='word_1_413' title='bbox 297 3885 421 3947; x_wconf 71' lang='lat' dir='ltr'><strong><em>Senator</em></strong></span> <span class='ocrx_word' id='word_1_414' title='bbox 436 3883 595 3933; x_wconf 84' lang='lat' dir='ltr'><strong><em>declinatio</em></strong></span> <span class='ocrx_word' id='word_1_415' title='bbox 611 3894 646 3930; x_wconf 88' lang='lat' dir='ltr'><strong><em>ea</em></strong></span> <span class='ocrx_word' id='word_1_416' title='bbox 663 3881 779 3929; x_wconf 82' lang='lat' dir='ltr'><strong><em>nomina</em></strong></span> <span class='ocrx_word' id='word_1_417' title='bbox 797 3881 937 3943; x_wconf 88' lang='lat' dir='ltr'><strong><em>continet,</em></strong></span> <span class='ocrx_word' id='word_1_418' title='bbox 959 3892 1079 3944; x_wconf 77' lang='lat' dir='ltr'><strong><em>qnorum</em></strong></span> <span class='ocrx_word' id='word_1_419' title='bbox 1098 3879 1193 3930; x_wconf 83' lang='lat' dir='ltr'><strong><em>tbema</em></strong></span> <span class='ocrx_word' id='word_1_420' title='bbox 1217 3881 1347 3943; x_wconf 82' lang='lat' dir='ltr'><strong><em>antiqni-</em></strong></span> 
     </span>
     <span class='ocr_line' id='line_1_44' title="bbox 128 3964 1346 4039; baseline -0.007 -19"><span class='ocrx_word' id='word_1_421' title='bbox 128 3971 223 4039; x_wconf 76' lang='lat' dir='ltr'><strong><em>tasin</em></strong></span> <span class='ocrx_word' id='word_1_422' title='bbox 240 3980 307 4031; x_wconf 88' lang='lat' dir='ltr'><strong><em>-an,</em></strong></span> <span class='ocrx_word' id='word_1_423' title='bbox 326 3968 378 4014; x_wconf 79' lang='lat' dir='ltr'><strong><em>-sin</em></strong></span> <span class='ocrx_word' id='word_1_424' title='bbox 399 3966 541 4027; x_wconf 86' lang='lat' dir='ltr'><strong><em>desierat,</em></strong></span> <span class='ocrx_word' id='word_1_425' title='bbox 570 3978 643 4029; x_wconf 81' lang='lat' dir='ltr'><strong><em>qaae</em></strong></span> <span class='ocrx_word' id='word_1_426' title='bbox 661 3966 772 4028; x_wconf 80' lang='lat' dir='ltr'><strong><em>quidem</em></strong></span> <span class='ocrx_word' id='word_1_427' title='bbox 793 3964 960 4015; x_wconf 89' lang='lat' dir='ltr'><strong><em>terminatio</em></strong></span> <span class='ocrx_word' id='word_1_428' title='bbox 982 3968 1013 4014; x_wconf 89' lang='lat' dir='ltr'><strong><em>ln</em></strong></span> <span class='ocrx_word' id='word_1_429' title='bbox 1038 3966 1198 4027; x_wconf 87' lang='lat' dir='ltr'><strong><em>temporam</em></strong></span> <span class='ocrx_word' id='word_1_430' title='bbox 1222 3965 1346 4014; x_wconf 87' lang='lat' dir='ltr'><strong><em>decnrsn</em></strong></span> 
     </span>
     <span class='ocr_line' id='line_1_45' title="bbox 128 4047 1346 4117; baseline -0.007 -12"><span class='ocrx_word' id='word_1_431' title='bbox 128 4066 248 4105; x_wconf 82' lang='lat' dir='ltr'><strong><em>casnnns</em></strong></span> <span class='ocrx_word' id='word_1_432' title='bbox 264 4053 423 4117; x_wconf 73' lang='lat' dir='ltr'><strong><em>flexiones,</em></strong></span> <span class='ocrx_word' id='word_1_433' title='bbox 447 4052 585 4114; x_wconf 86' lang='lat' dir='ltr'><strong><em>yenitiois</em></strong></span> <span class='ocrx_word' id='word_1_434' title='bbox 603 4050 631 4099; x_wconf 86' lang='lat' dir='ltr'><strong><em>et</em></strong></span> <span class='ocrx_word' id='word_1_435' title='bbox 647 4049 758 4098; x_wconf 88' lang='lat' dir='ltr'><strong><em>dotiois</em></strong></span> <span class='ocrx_word' id='word_1_436' title='bbox 776 4048 907 4111; x_wconf 75' lang='lat' dir='ltr'><strong><em>prlnralis</em></strong></span> <span class='ocrx_word' id='word_1_437' title='bbox 924 4050 1071 4112; x_wconf 76' lang='lat' dir='ltr'><strong><em>enceptis,</em></strong></span> <span class='ocrx_word' id='word_1_438' title='bbox 1096 4047 1237 4107; x_wconf 83' lang='lat' dir='ltr'><strong><em>abotenit,</em></strong></span> <span class='ocrx_word' id='word_1_439' title='bbox 1262 4049 1346 4111; x_wconf 81' lang='lat' dir='ltr'><strong><em>alane</em></strong></span> 
     </span>
     <span class='ocr_line' id='line_1_46' title="bbox 130 4132 1346 4203; baseline -0.007 -14"><span class='ocrx_word' id='word_1_440' title='bbox 130 4142 195 4203; x_wconf 89' lang='lat' dir='ltr'><strong><em>ipsa</em></strong></span> <span class='ocrx_word' id='word_1_441' title='bbox 212 4140 256 4189; x_wconf 90' lang='lat' dir='ltr'><strong><em>lta</em></strong></span> <span class='ocrx_word' id='word_1_442' title='bbox 272 4136 424 4187; x_wconf 82' lang='lat' dir='ltr'><strong><em>immutata</em></strong></span> <span class='ocrx_word' id='word_1_443' title='bbox 442 4136 504 4195; x_wconf 90' lang='lat' dir='ltr'><strong><em>est,</em></strong></span> <span class='ocrx_word' id='word_1_444' title='bbox 528 4136 561 4184; x_wconf 87' lang='lat' dir='ltr'><strong><em>nt</em></strong></span> <span class='ocrx_word' id='word_1_445' title='bbox 575 4136 605 4184; x_wconf 89' lang='lat' dir='ltr'><strong><em>ia</em></strong></span> <span class='ocrx_word' id='word_1_446' title='bbox 624 4134 803 4183; x_wconf 84' lang='lat' dir='ltr'><strong><em>nominativo</em></strong></span> <span class='ocrx_word' id='word_1_447' title='bbox 826 4132 986 4195; x_wconf 84' lang='lat' dir='ltr'><strong><em>sinynlaris</em></strong></span> <span class='ocrx_word' id='word_1_448' title='bbox 1009 4136 1133 4183; x_wconf 91' lang='lat' dir='ltr'><strong><em>omninm</em></strong></span> <span class='ocrx_word' id='word_1_449' title='bbox 1157 4135 1246 4183; x_wconf 86' lang='lat' dir='ltr'><strong><em>triam</em></strong></span> <span class='ocrx_word' id='word_1_450' title='bbox 1261 4145 1346 4197; x_wconf 80' lang='lat' dir='ltr'><strong><em>yerse·</em></strong></span> 
     </span>
     <span class='ocr_line' id='line_1_47' title="bbox 129 4216 1346 4287; baseline -0.008 -14"><span class='ocrx_word' id='word_1_451' title='bbox 129 4236 208 4287; x_wconf 88' lang='lat' dir='ltr'><strong><em>rnm,</em></strong></span> <span class='ocrx_word' id='word_1_452' title='bbox 234 4233 324 4284; x_wconf 84' lang='lat' dir='ltr'><strong><em>neqne</em></strong></span> <span class='ocrx_word' id='word_1_453' title='bbox 342 4222 436 4271; x_wconf 74' lang='lat' dir='ltr'><strong><em>mlieres</em></strong></span> <span class='ocrx_word' id='word_1_454' title='bbox 455 4221 486 4267; x_wconf 86' lang='lat' dir='ltr'><strong><em>in</em></strong></span> <span class='ocrx_word' id='word_1_455' title='bbox 504 4220 676 4268; x_wconf 87' lang='lat' dir='ltr'><strong><em>accnsatlao</em></strong></span> <span class='ocrx_word' id='word_1_456' title='bbox 698 4217 859 4281; x_wconf 85' lang='lat' dir='ltr'><strong><em>sinynlaris</em></strong></span> <span class='ocrx_word' id='word_1_457' title='bbox 876 4218 992 4280; x_wconf 84' lang='lat' dir='ltr'><strong><em>yeneris</em></strong></span> <span class='ocrx_word' id='word_1_458' title='bbox 1011 4220 1161 4279; x_wconf 65' lang='lat' dir='ltr'><strong><em>neanias,</em></strong></span> <span class='ocrx_word' id='word_1_459' title='bbox 1191 4216 1304 4280; x_wconf 77' lang='lat' dir='ltr'><strong><em>timella</em></strong></span> <span class='ocrx_word' id='word_1_460' title='bbox 1329 4226 1346 4263; x_wconf 87' lang='lat' dir='ltr'><strong><em>a</em></strong></span> 
     </span>
     <span class='ocr_line' id='line_1_48' title="bbox 129 4294 1347 4370; baseline -0.01 -11"><span class='ocrx_word' id='word_1_461' title='bbox 129 4306 361 4370; x_wconf 74' lang='lat' dir='ltr'><strong><em>opprimeretur,</em></strong></span> <span class='ocrx_word' id='word_1_462' title='bbox 384 4304 554 4367; x_wconf 82' lang='lat' dir='ltr'><strong><em>oscalisqoe</em></strong></span> <span class='ocrx_word' id='word_1_463' title='bbox 573 4302 589 4349; x_wconf 81' lang='lat' dir='ltr'><strong><em>si</em></strong></span> <span class='ocrx_word' id='word_1_464' title='bbox 607 4303 637 4351; x_wconf 84' lang='lat' dir='ltr'><strong><em>in</em></strong></span> <span class='ocrx_word' id='word_1_465' title='bbox 659 4314 677 4351; x_wconf 83' lang='lat' dir='ltr'><strong><em>a</em></strong></span> <span class='ocrx_word' id='word_1_466' title='bbox 700 4302 760 4359; x_wconf 78' lang='lat' dir='ltr'><strong><em>[ael</em></strong></span> <span class='ocrx_word' id='word_1_467' title='bbox 776 4294 827 4359; x_wconf 78' lang='lat' dir='ltr'><strong><em>oi)</em></strong></span> <span class='ocrx_word' id='word_1_468' title='bbox 845 4299 952 4363; x_wconf 87' lang='lat' dir='ltr'><strong><em>abiret,</em></strong></span> <span class='ocrx_word' id='word_1_469' title='bbox 977 4313 1051 4364; x_wconf 78' lang='lat' dir='ltr'><strong><em>areae</em></strong></span> <span class='ocrx_word' id='word_1_470' title='bbox 1072 4302 1192 4363; x_wconf 80' lang='lat' dir='ltr'><strong><em>deniqne</em></strong></span> <span class='ocrx_word' id='word_1_471' title='bbox 1208 4302 1238 4349; x_wconf 88' lang='lat' dir='ltr'><strong><em>ia</em></strong></span> <span class='ocrx_word' id='word_1_472' title='bbox 1255 4300 1347 4348; x_wconf 90' lang='lat' dir='ltr'><strong><em>nami·</em></strong></span> 
     </span>
     <span class='ocr_line' id='line_1_49' title="bbox 128 4385 1344 4453; baseline -0.008 -12"><span class='ocrx_word' id='word_1_473' title='bbox 128 4393 230 4441; x_wconf 86' lang='lat' dir='ltr'><strong><em>natiao</em></strong></span> <span class='ocrx_word' id='word_1_474' title='bbox 248 4390 412 4453; x_wconf 86' lang='lat' dir='ltr'><strong><em>sinynloris</em></strong></span> <span class='ocrx_word' id='word_1_475' title='bbox 426 4386 560 4451; x_wconf 78' lang='lat' dir='ltr'><strong><em>seminini</em></strong></span> <span class='ocrx_word' id='word_1_476' title='bbox 574 4388 690 4452; x_wconf 83' lang='lat' dir='ltr'><strong><em>yeaeris</em></strong></span> <span class='ocrx_word' id='word_1_477' title='bbox 709 4386 736 4435; x_wconf 90' lang='lat' dir='ltr'><strong><em>el</em></strong></span> <span class='ocrx_word' id='word_1_478' title='bbox 755 4386 787 4435; x_wconf 87' lang='lat' dir='ltr'><strong><em>ln</em></strong></span> <span class='ocrx_word' id='word_1_479' title='bbox 808 4385 1001 4447; x_wconf 83' lang='lat' dir='ltr'><strong><em>nominativo,</em></strong></span> <span class='ocrx_word' id='word_1_480' title='bbox 1022 4386 1246 4447; x_wconf 80' lang='lat' dir='ltr'><strong><em>accnsaliooqae</em></strong></span> <span class='ocrx_word' id='word_1_481' title='bbox 1261 4393 1344 4447; x_wconf 83' lang='lat' dir='ltr'><strong><em>yene-</em></strong></span> 
     </span>
     <span class='ocr_line' id='line_1_50' title="bbox 117 4468 1346 4537; baseline -0.008 -16"><span class='ocrx_word' id='word_1_482' title='bbox 117 4477 170 4521; x_wconf 79' lang='lat' dir='ltr'><strong><em>rrs</em></strong></span> <span class='ocrx_word' id='word_1_483' title='bbox 185 4476 336 4537; x_wconf 75' lang='lat' dir='ltr'><strong><em>nentrim,</em></strong></span> <span class='ocrx_word' id='word_1_484' title='bbox 366 4474 489 4537; x_wconf 85' lang='lat' dir='ltr'><strong><em>pariter</em></strong></span> <span class='ocrx_word' id='word_1_485' title='bbox 504 4474 591 4537; x_wconf 74' lang='lat' dir='ltr'><strong><em>alyne</em></strong></span> <span class='ocrx_word' id='word_1_486' title='bbox 612 4472 643 4521; x_wconf 86' lang='lat' dir='ltr'><strong><em>ta</em></strong></span> <span class='ocrx_word' id='word_1_487' title='bbox 660 4470 788 4534; x_wconf 82' lang='lat' dir='ltr'><strong><em>yenttlao</em></strong></span> <span class='ocrx_word' id='word_1_488' title='bbox 816 4470 946 4535; x_wconf 78' lang='lat' dir='ltr'><strong><em>pluralis</em></strong></span> <span class='ocrx_word' id='word_1_489' title='bbox 963 4470 1088 4519; x_wconf 83' lang='lat' dir='ltr'><strong><em>omnium</em></strong></span> <span class='ocrx_word' id='word_1_490' title='bbox 1102 4479 1254 4533; x_wconf 78' lang='lat' dir='ltr'><strong><em>perieram,</em></strong></span> <span class='ocrx_word' id='word_1_491' title='bbox 1283 4468 1346 4515; x_wconf 82' lang='lat' dir='ltr'><strong><em>iac</em></strong></span> 
     </span>
    </p>
   </div>
   <div class='ocr_carea' id='block_1_5' title="bbox 0 0 1360 4784">
    <p class='ocr_par' dir='ltr' id='par_1_11' title="bbox 0 0 1360 4784">
     <span class='ocr_line' id='line_1_51' title="bbox 0 0 1360 4784; baseline 0 0"><span class='ocrx_word' id='word_1_492' title='bbox 0 0 1360 4784; x_wconf 95' lang='lat' dir='ltr'><strong><em> </em></strong></span> 
     </span>
    </p>
   </div>
  </div>
 </body>
</html>
